2954 4986
237 306 303 370 330
554 374 555 378 ¹
653 318 839 370 cnnrsaus
864 318 971 370 mma

103 493 195 577 ¹¹¹¹}
305 476 334 537 2.
381 470 525 557 Triginta
546 470 671 557 quidem
693 493 846 535 annorum
869 471 1024 536 exsistens
1040 492 1113 536 eum
1130 469 1249 535 veniret
1265 468 1301 532 ad
1316 469 1377 553 bap

95 551 197 669 {3:¹¹
239 576 376 651 rismum,
400 575 512 638 deinde
534 574 675 661 magistri
696 583 822 638 aetatem
843 575 1013 658 perfectam
1034 574 1168 651 habens,
1183 573 1267 639 venit
1281 571 1377 635 Hieru-

93 678 209 763 ¹223}·4l¹·
240 679 347 754 salem,
372 679 417 741 ita
440 685 476 740 ut
502 678 542 741 ab
565 677 710 741 omnibus
731 678 818 761 juste
841 677 1019 741 ¹audiretur
1041 677 1210 763 magister:
1233 674 1376 738 nonenim

79 801 226 810 ”“-··
238 783 322 846 aliud
337 782 498 846 videbatur
512 789 544 845 et
558 780 641 844 aliud
656 789 734 856 erat,
750 781 831 845 sieut
846 781 988 868 inquiunt
998 781 1051 867 qui
1063 782 1242 866 putativum
1256 778 1376 842 introdu-

240 894 335 958 cunt;
360 885 414 950 sed
430 885 604 971 quoderat,
624 883 684 948 hoo
705 893 738 948 et
757 885 928 949 videbatur.
975 885 1135 971 Magister
1150 905 1226 971 ergo
1240 884 1375 948 exsistens

240 987 381 1073 magistri
405 1008 526 1072 quoque
552 985 688 1049 habebat
710 993 848 1062 aetatem,
875 1007 937 1048 non
958 987 1130 1070 reprobans
1151 1007 1210 1050 neo
1233 1005 1376 1071 supergre

240 1091 328 1155 diens
343 1090 510 1163 hominem,
527 1110 627 1175 neque
641 1089 764 1153 solvens
778 1089 885 1153 'suam
900 1088 1000 1176 legem
1017 1089 1048 1153 iu
1064 1111 1099 1153 se
1115 1089 1245 1153 humani
1259 1087 1374 1175 generis,

240 1193 296 1256 sed
311 1215 433 1257 omnem
449 1201 575 1257 aetatem
590 1193 790 1256 sanctificans
804 1215 860 1279 per
874 1192 956 1256 illam
970 1214 1038 1279 quoe
1053 1192 1094 1256 ad
1110 1192 1215 1278 ipsum
1230 1200 1295 1256 erat
1307 1190 1375 1255 simi·

240 1295 413 1360 titudinem.
460 1295 579 1360 Omnes
600 1294 684 1358 enim
707 1294 791 1358 veuit
814 1317 870 1380 per
894 1295 1097 1381 semetipsum
1123 1294 1264 1360 salvare:
1287 1313 1425 1359 omnesou

240 1397 377 1484 inquam,
404 1398 476 1484 8qui
500 1420 556 1483 per
579 1420 650 1462 eum
672 1405 878 1462 renaseuntur
901 1398 933 1461 in
956 1398 1071 1475 Deum,
1095 1398 1246 1475 infantes,
1272 1407 1303 1462 et
1323 1419 1378 1482 par-

240 1502 337 1579 vulos,
361 1510 393 1565 et
408 1523 531 1585 pueros,
554 1509 587 1564 et
604 1501 745 1585 juvenes,
763 1509 796 1564 et
815 1501 964 1566 seniores.
1010 1501 1086 1565 ldeo
1102 1524 1159 1587 per
1173 1523 1297 1565 omnem
1310 1500 1379 1564 venit

240 1614 378 1682 aetatem,
394 1614 426 1668 et
441 1603 610 1667 infantibus
625 1603 726 1667 infans
741 1603 852 1680 faetus,
875 1604 1075 1669 sanctificans
1094 1605 1249 1669 infantes:
1274 1605 1305 1668 in
1324 1626 1379 1689 par·

241 1707 320 1770 vulis
334 1706 488 1792 parvulus,
503 1705 702 1769 sanctificans
717 1705 798 1769 hanc
813 1705 912 1791 ipsam
928 1706 1080 1770 habentes
1094 1714 1236 1784 aetatem,
1252 1705 1339 1771 simul
1355 1715 1381 1768 et

241 1809 417 1895 exemplum
441 1807 501 1871 illis
520 1807 646 1893 pietatis
669 1808 807 1885 effeetus,
830 1819 863 1872 et
880 1808 1023 1893 justitiae,
1048 1819 1081 1873 et
1107 1810 1329 1896 subjectionis:
1356 1809 1383 1872 in

236 1915 403 2000 juvenibus
432 1910 565 1997 juvenis,
599 1911 775 1996 exemplum
807 1912 973 1997 juvenibus
1009 1913 1099 1990 fiens,
1131 1922 1165 1977 et
1197 1914 1385 1978 sanctificans

242 2015 389 2081 Domino.
436 2013 487 2077 sic
503 2022 534 2076 et
555 2013 658 2076 senior
672 2014 704 2075 in
718 2013 902 2090 senioribus,
918 2022 953 2077 ut
967 2013 1009 2078 sit
1024 2015 1184 2099 perfectus
1198 2015 1385 2102 magisterio

241 2119 394 2194 omnibus,
424 2139 485 2181 non
516 2117 616 2180 solum
646 2116 816 2180 seeundum
844 2117 1071 2202 expositionem
1097 2119 1253 2194 veritatis,
1282 2119 1334 2184 sed
1360 2127 1387 2181 et

241 2220 409 2285 seeundum
425 2226 561 2294 aetatem,
583 2218 782 2282 sanctificans
796 2218 887 2282 simul
910 2228 941 2283 et
963 2219 1110 2298 seniores,
1127 2222 1307 2306 exemplum
1322 2221 1389 2307 ipsis

241 2344 363 2409 quoque
385 2322 481 2385 fiens:
506 2319 617 2384 deiude
641 2327 673 2383 et
697 2320 856 2406 usquead
881 2330 1012 2386 mortem
1033 2323 1185 2406 pervenit,
1211 2333 1249 2388 ut
1268 2325 1310 2390 sit
1326 2325 1389 2409 pri·
1399 2341 1429 2380 ιι

240 2428 402 2513 mopenitns
417 2448 453 2490 ao
474 2425 609 2501 mortuis,
627 2425 691 2510 ipsa
705 2427 880 2511 primatum
901 2436 1001 2491 tenens
1022 2428 1057 2490 in
1072 2426 1220 2507 omnibus,
1241 2430 1391 2517 ⁴prineeps

240 2531 322 2607 vitae,
338 2529 422 2614 prior
436 2528 584 2605 omnium,
601 2536 633 2592 et
647 2528 826 2614 praecedens
841 2550 958 2594 omnes.

305 2637 337 2698 3.
384 2632 432 2694 llli
455 2640 571 2707 autem,
595 2639 630 2695 ut
652 2632 837 2718 figmentum
854 2653 945 2695 suum
964 2633 1002 2697 de
1016 2655 1054 2697 eo
1076 2635 1161 2719 quod
1178 2644 1229 2700 est
1244 2639 1389 2725 scriptum

240 2755 346 2799 oooore
366 2755 482 2796 anunm
502 2733 633 2796 Domini
654 2743 808 2818 occeptum
829 2735 996 2815 affirment,
1011 2734 1121 2799 dicunt
1136 2760 1200 2801 uno
1217 2761 1304 2804 anno
1324 2763 1389 2805 eum

239 2835 435 2922 praedicasse,
451 2843 484 2898 et
499 2834 682 2899 duodecimo
704 2858 810 2900 mense
825 2859 961 2923 passum,
980 2847 1090 2902 contra
1103 2842 1296 2928 semetipsos
1310 2843 1390 2908 obliti

238 2948 322 3014 sunt,
347 2937 501 3002 solventes
527 2939 595 3022 ejus
620 2939 908 3025 omne'negotium,
935 2950 968 3005 et
993 2943 1095 3028 magis
1118 2948 1341 3025 necessariam,
1362 2956 1390 3012 et

240 3043 341 3130 magis
360 3041 573 3105 honorabilem
592 3049 718 3105 aetatem
734 3044 802 3128 ejus
821 3043 1007 3122 auferentes,
1023 3043 1108 3109 illam
1126 3046 1256 3134 inquam
1272 3073 1391 3136 provec-

240 3147 362 3223 tiorem,
393 3145 424 3208 io
450 3167 512 3230 qua
537 3152 569 3208 et
595 3143 710 3208 docens
737 3155 869 3229 praeerat
899 3147 1059 3212 universis.
1117 3150 1286 3232 Quomodo
1313 3156 1390 3220 enim

240 3248 349 3312 habuit
378 3247 555 3332 discipulos,
581 3247 607 3311 si
638 3269 700 3310 non
727 3248 881 3314 docebat?
925 3252 1087 3332 Quomodo
1116 3263 1224 3320 autem
1255 3258 1390 3332 docebat,

240 3350 381 3436 magistri
403 3359 530 3414 aetatem
553 3373 615 3415 non
637 3351 780 3415 habens?
823 3353 878 3416 Ad
900 3355 1090 3439 baptismum
1110 3358 1196 3422 enim
1212 3362 1300 3427 venit
1320 3385 1390 3426 non·

240 3453 313 3516 dum
338 3453 390 3538 qui
414 3453 542 3538 triginta
564 3477 663 3519 annos
684 3454 890 3540 suppleverat,
913 3457 967 3520 sed
991 3458 1043 3542 qui
1067 3459 1220 3545 inciperet
1242 3487 1314 3530 esse
1328 3475 1389 3530 tau·

240 3577 334 3640 quam
360 3555 489 3641 triginta
511 3578 684 3621 annorum:
715 3558 775 3642 (ita
799 3558 891 3637 enim,
915 3560 967 3646 qui
991 3563 1058 3647 ejus
1084 3584 1185 3629 anuos
1208 3568 1391 3654 significavit

243 3658 355 3731 Lucas,
382 3659 501 3744 posuit:
527 3659 741 3724 formantem
768 3672 835 3726 arat
857 3665 946 3748 quasi
973 3665 1125 3750 incipiens
1147 3670 1281 3754 triginta
1303 3696 1390 3737 uano

241 3783 320 3838 rom,
344 3783 414 3825 oum
437 3761 555 3826 veniret
576 3763 616 3826 ad
639 3763 856 3848 baptismum)
879 3774 911 3829 et
933 3788 953 3830 a
974 3767 1162 3853 baptismate
1186 3795 1250 3839 uuo
1273 3785 1390 3841 tantum

289 3895 297 3926 ¹
316 3897 369 3945 The
380 3897 425 3946 CL.
438 3899 548 3962 reading,
563 3899 667 3959 aridiret,
681 3901 793 3949 followed
891 3903 961 3966 8ᾳιιί
975 3921 1022 3967 por
1040 3923 1093 3954 cum
1112 3921 1284 3976 renascuntur,
1307 3917 1393 3966 i.e.iu

240 3978 275 4040 by
289 3977 375 4024 Mass.
395 3978 480 4025 makes
500 3995 532 4026 no
550 3995 628 4031 sensa
670 3982 739 4028 Iam
758 3982 793 4029 in·
841 3985 957 4050 baptism,
978 3988 1016 4036 for
1028 4005 1056 4036 so
1073 3989 1115 4038 tha
1130 3995 1225 4043 author
1242 4014 1309 4063 says,
1326 4009 1394 4063 poter·

240 4058 319 4107 clined
337 4063 363 4106 to
387 4059 459 4106 think
479 4061 534 4107 that
553 4068 580 4109 at
598 4079 629 4109 an
649 4062 716 4125 early
735 4063 793 4111 date
841 4075 912 4116 lotam
923 4070 1396 4131 regenerationiainDeam&menradum

240 4140 369 4188 aridiretm·
380 4157 429 4188 was
445 4142 596 4189 substituted
608 4143 648 4191 for
659 4143 789 4203 ordiretur,
841 4148 977 4211 ‹tn-ipula,
988 4149 1079 4198 dicebat
1087 4151 1127 4211 ria,
1140 4153 1231 4205 Eunias
1238 4159 1397 4213 docawm

240 4238 262 4283 p.
276 4223 300 4270 d.
320 4224 357 4270 ἵνα
374 4223 413 4271 διὰ
431 4222 527 4270 πάντων
544 4224 641 4281 fralaus
659 4227 762 4286 ἄρχηται
779 4227 793 4274 d
839 4236 922 4290 protea,
939 4229 1084 4291 baptizantes
1099 4246 1143 4290 eoa,
1159 4234 1204 4285 dte.
1236 4251 1279 4289 111.
1294 4244 1345 4293 xix,
1363 4247 1398 4294 A,

240 4306 390 4352 διδάσκαλος.
842 4309 925 4358 ituro
947 4311 1068 4372 observes,
1100 4314 1150 4362 this
1180 4320 1323 4389 testimony
1345 4329 1365 4375 is
1384 4344 1399 4375 a

288 4383 401 4433 'illitas
421 4385 495 4433 omits
511 4400 589 4445 artum,
606 4386 733 4450 following
749 4390 792 4438 tlrs
841 4388 954 4436 valuable
971 4389 1055 4438 record
1072 4391 1101 4439 of
1113 4392 1174 4453 fact,
1194 4412 1223 4445 as
1240 4404 1344 4465 rogastis
1360 4407 1399 4455 the

239 4466 282 4514 Cu.
303 4467 372 4524 MS.;
396 4467 441 4513 but
461 4466 481 4513 it
497 4466 541 4514 has
561 4482 577 4514 a
593 4468 702 4531 peculior
718 4471 792 4534 signi-
840 4470 965 4533 primitivo
976 4471 1083 4534 baptism
1095 4473 1124 4520 of
1132 4474 1238 4528 infanta.

237 4546 337 4607 tioanoe,
352 4562 397 4594 nor
408 4546 549 4608 aaronita
558 4547 597 4596 fris
608 4564 659 4596 oren
670 4548 724 4598 loro.
889 4551 899 4582 ⁴
918 4553 1026 4613 ἀρχηγὸν
1039 4555 1105 4612 ζωῆς,
1123 4556 1188 4606 Acts
1201 4559 1237 4610 iii
1251 4578 1290 4626 ¹5·
