2954 4986
549 345 629 393 arus
651 347 709 393 ιιιι
733 348 888 398 raucus.
1226 342 1290 412 271

136 497 301 585 caliginem
322 499 405 563 enim
429 507 624 564 convertetur
644 501 815 565 secundum
836 522 892 566 eos
912 509 946 566 et
968 503 1177 571 obcaecabitur
1190 515 1293 592 pater-
1304 532 1358 572 ιιι.
1365 533 1432 574 uva
1439 537 1456 576 ι.

135 628 212 671 num
224 606 328 672 lumen
342 629 458 685 eorum,
474 616 507 672 et
518 608 665 673 deficiet
656 631 689 672 ιιι
703 608 754 675 his
768 619 925 696 quaesunt
939 610 1104 678 vacuitatis
1115 612 1202 694 locis,
1220 637 1292 680 oum
1316 580 1402 712 fflr
1408 581 1445 712 3¹

135 709 265 773 minime
282 709 379 794 possit
393 710 559 796 adimplere
574 711 689 776 omnia.
1307 719 1455 800 *ffl-

202 816 233 876 2.
288 811 362 875 Non
384 811 509 898 igitur
496 834 564 897 Jam
585 813 691 879 dicant
717 812 864 878 Pleroma
887 835 957 879 esse
983 815 1123 880 omnium
1149 816 1291 902 Bythum

134 914 292 999 ipsorum;
315 912 468 999 siquidem
484 912 516 976 id
531 914 614 1000 quod
628 922 678 980 est
692 936 825 980 vacuum
844 923 876 979 et
895 917 1006 980 umbra
1022 938 1123 1004 neque
1140 918 1291 1005 adimple-

134 1016 180 1081 vit
203 1037 304 1101 neque
328 1014 531 1080 illuminavit:
562 1024 619 1081 aut
645 1017 759 1082 iterum
782 1018 925 1082 umbram
946 1029 980 1084 et
1005 1041 1137 1085 vacuum
1162 1031 1292 1106 praeter-

134 1120 274 1194 mittant,
308 1117 461 1205 siquidem
489 1119 639 1205 adimplet
673 1121 776 1185 omnia
806 1129 972 1206 paternum
1007 1120 1145 1208 ipsorum
1174 1122 1291 1190 lumen.

136 1222 248 1309 Neque
269 1221 365 1308 igitur
382 1229 472 1286 entra
490 1221 624 1306 primum
648 1222 787 1302 Patrem,
806 1223 839 1287 id
860 1232 909 1288 est
931 1223 984 1311 qui
1006 1246 1099 1311 super
1118 1226 1222 1292 omnia
1241 1235 1291 1293 est

136 1325 236 1403 Deus,
250 1334 306 1390 aut
321 1323 467 1389 Pleroma
480 1325 597 1412 aliquid
611 1347 680 1391 esse
693 1333 808 1411 potest,
831 1326 864 1391 in
885 1327 970 1414 quod
984 1326 1193 1414 Enthymesin
1206 1328 1291 1415 passi
1413 1384 1418 1391 .

135 1426 255 1492 AEonis
269 1425 464 1492 descendisse
479 1426 596 1506 dicunt,
611 1435 647 1491 ut
661 1448 724 1492 non
738 1427 903 1492 definiatur
917 1436 950 1494 et
964 1429 1235 1495 circumscribatur
1248 1433 1290 1498 ab
1317 1443 1322 1452 “

134 1551 172 1595 eo
187 1529 240 1616 qui
254 1537 303 1595 est
318 1537 416 1607 extra,
434 1536 467 1593 et
481 1529 677 1595 contineatur
690 1530 793 1616 ipsum
809 1530 966 1611 Pleroma,
981 1532 1029 1596 vel
1043 1532 1163 1619 primus
1177 1532 1287 1598 Deus:

134 1637 257 1720 lneque
286 1654 417 1698 vacuum
448 1654 527 1710 esse,
554 1640 611 1696 aut
639 1634 782 1698 umbram
808 1633 920 1718 capiet,
951 1655 1023 1700 cum
1047 1636 1116 1720 jam
1144 1643 1219 1702 ante
1246 1637 1290 1702 sit

134 1736 241 1814 Pater,
263 1737 310 1801 uti
324 1758 364 1801 ue
381 1735 505 1801 deficiat
518 1735 622 1800 lumen
636 1737 714 1822 ejus,
738 1744 771 1801 et
793 1736 958 1802 deliniatur
972 1738 1005 1802 in
1019 1759 1163 1804 vacuum.
1207 1739 1288 1805 Irra·

132 1839 248 1904 tionale
269 1847 318 1906 cst
339 1848 445 1906 autem
462 1849 495 1905 et
513 1839 643 1925 impium
664 1839 841 1904 adinvenire
861 1839 976 1920 locum,
998 1840 1112 1927 inquo
1134 1848 1237 1907 cessat
1255 1852 1289 1909 et

132 1944 229 2008 finem
257 1942 352 2008 habet
381 1942 433 2030 qui
462 1951 512 2008 est
536 1942 707 2008 secundum
733 1964 788 2009 eos
814 1943 970 2029 Propator
998 1951 1031 2008 et
1056 1943 1225 2022 Proarche,
1255 1954 1289 2011 et

70 2057 111 2095 Μ
133 2046 272 2111 omnium
292 2046 389 2110 Pater
409 2054 442 2110 et
462 2045 556 2130 hujus
577 2044 777 2111 Pleromatis.
821 2044 889 2110 Nec
910 2067 1017 2112 rursus
1035 2046 1069 2110 iu
1089 2046 1196 2112 Patris
1216 2046 1288 2113 sinu

131 2149 264 2214 alterum
289 2149 444 2235 quendam
461 2150 563 2214 dicere
584 2156 706 2213 tanmm
730 2148 899 2214 fabricasse
921 2149 1133 2214 conditionem
1156 2149 1205 2214 fas
1226 2158 1286 2228 est,

131 2254 180 2320 vel
215 2252 438 2330 consentiente,
467 2251 515 2317 vel
544 2273 608 2317 non
637 2252 852 2318 consentiente
886 2275 934 2330 eo,
963 2260 1090 2339 propter
1119 2253 1286 2338 praedictas

131 2377 252 2424 causas.
310 2355 445 2441 Impium
474 2363 523 2420 est
548 2353 633 2419 euim
653 2354 796 2420 similiter
818 2362 851 2420 et
873 2356 1002 2421 demens
1028 2356 1141 2433 dicere,
1163 2363 1286 2420 tantam

130 2459 342 2525 conditionem
374 2460 416 2523 ab
449 2457 578 2544 angelis,
612 2465 668 2522 aut
696 2459 737 2522 ab
765 2457 931 2523 emissione
960 2458 1094 2545 quadam
1122 2457 1286 2544 ignorante

129 2583 237 2627 verum
252 2561 396 2640 Deum,
387 2584 420 2626 ιιι
444 2561 494 2626 his
519 2569 685 2648 quaesunt
707 2560 814 2648 ipsius,
841 2560 1050 2627 ²fabricassa:
1078 2583 1178 2648 neque
1202 2561 1286 2626 intra

131 2663 300 2728 Pleroma
291 2685 439 2751 ipsorum,
454 2685 525 2729 cum
536 2663 578 2728 sit
590 2662 768 2728 universum
780 2661 928 2748 spiritale,
940 2683 979 2727 ea
992 2683 1063 2748 quoe
1077 2669 1152 2727 sunt
1162 2670 1285 2728 terrena
1296 2690 1357 2776 erp.
1367 2692 1409 2739 ιιι,

129 2774 164 2832 et
184 2767 294 2832 choica
307 2766 454 2852 possibile
474 2767 558 2832 facta
578 2787 666 2831 esse:
690 2765 747 2832 sed
768 2786 808 2830 ne
830 2764 955 2851 quidem
969 2765 1141 2830 secundum
1162 2747 1317 2830 illorum
1327 2739 1345 2777 ²

128 2869 309 2957 imaginem,
339 2891 411 2934 cum
436 2870 582 2934 dicuntur
602 2869 694 2954 pauci
716 2876 749 2933 et
776 2867 887 2933 similis
915 2866 1110 2933 formationis
1131 2875 1164 2932 et
1186 2890 1283 2933 ununr

127 2993 208 3051 esse,
224 2971 369 3058 possibile
383 2978 432 3037 est
447 2979 479 3038 et
493 2993 563 3058 quae
577 2978 652 3035 sunt
665 2969 790 3035 ³multae
805 2969 991 3034 conditionis
1011 2976 1044 3034 et
1063 2970 1245 3035 contraria
1236 2993 1282 3034 rn-

127 3074 229 3139 vicem
242 3074 326 3139 facta
339 3096 420 3140 esse.

195 3180 226 3242 3.
273 3177 387 3242 Falsus
402 3184 508 3242 autem
521 3174 675 3261 apparuit,
691 3181 724 3239 et
739 3174 791 3260 qui
806 3181 855 3238 est
869 3173 909 3238 de
923 3173 1034 3238 umbra
1048 3173 1230 3252 cenomatis,
1250 3173 1283 3238 id

127 3287 178 3345 est
191 3278 290 3357 vacui,
306 3279 444 3364 ipsorum
458 3299 561 3343 sermo
575 3275 747 3341 secundum
761 3274 876 3341 omnia.
908 3274 1019 3362 ltaque
1034 3296 1167 3340 vacuum
1177 3282 1283 3340 osten-

127 3404 199 3447 sum
209 3390 258 3447 est
270 3382 454 3469 figmentum
468 3402 586 3457 eorum,
598 3387 631 3444 et
646 3379 828 3444 inconstans
841 3376 1001 3442 doctrina:
1025 3377 1115 3442 vacui
1129 3385 1236 3443 autem
1250 3386 1284 3444 et

127 3486 161 3550 hi
176 3484 229 3571 qui
243 3485 411 3550 attendunt
424 3484 479 3562 eis,
496 3505 566 3548 vere
580 3483 635 3547 ⁴in
649 3481 835 3568 profundum
850 3479 1033 3567 perditionis
1046 3479 1282 3547 descendentes.

69 3613 113 3652 ιιι
129 3587 286 3669 Quoniam
307 3587 431 3673 quidem
456 3593 505 3652 est
530 3585 638 3649 mundi
666 3584 834 3650 fabricator
859 3583 958 3663 Deus,
988 3590 1113 3649 constat
1135 3590 1169 3648 et
1194 3583 1282 3669 ipsis,

128 3689 181 3776 qui
196 3689 302 3755 multis
316 3689 417 3755 modis
428 3688 645 3754 contradicunt
658 3687 697 3766 ei,
713 3696 746 3752 et
760 3686 949 3753 confitentur
962 3707 1045 3765 eum,
1060 3685 1282 3752 fabricatorem

127 3814 199 3857 eum
221 3800 369 3857 vocantes
391 3799 423 3856 et
443 3790 589 3876 angelum
611 3790 769 3854 dicentes:
800 3797 837 3853 ut
867 3809 931 3852 non
959 3787 1109 3867 dicamus,
1135 3788 1283 3907 quoniam

127 3916 237 3960 omnes
258 3893 395 3960 clamant
418 3892 596 3978 Scripturas,
617 3899 650 3956 et
671 3890 826 3956 Dominus
844 3890 927 3955 hunc
952 3891 1081 3956 Patrem
1104 3892 1157 3978 qui
1178 3901 1228 3958 est
1249 3893 1282 3956 in
1296 3921 1330 3959 ιι
1331 3924 1370 3960 ιι
1371 3921 1444 3965 ..reo

126 3997 214 4063 coelis
229 3997 331 4078 docet,
346 4004 379 4062 et
392 4017 455 4061 non
466 3995 580 4061 alium.
605 3994 866 4082 quemadmodum
881 3994 1081 4060 ostendemus
1095 3996 1282 4081 procedente
1296 3968 1329 4006 Μ
1331 3971 1354 4008 ⁸²
1364 3967 1392 4005 ἡ
1399 3968 1418 4007 ⁹'

126 4122 280 4167 Sermone.

175 4264 283 4314 ¹Groece
300 4266 352 4314 οὐδὲ
369 4263 397 4314 τὸ
415 4265 479 4314 κενὸν
495 4265 560 4325 εἶναι,
579 4263 680 4324 forr&
780 4260 966 4311 'madnuuot
977 4277 1009 4311 an
1021 4260 1133 4326 unlilrely
1140 4259 1243 4324 reading
1254 4277 1281 4310 as

126 4347 254 4406 ἑνδέξιται,
272 4344 301 4393 id
318 4353 357 4406 eat,
376 4361 450 4408 napea
465 4345 524 4406 ficri
537 4346 633 4408 polerit,
651 4352 680 4394 ιιι
731 4347 888 4411 represented
899 4348 924 4395 in
942 4349 982 4395 rai
992 4348 1025 4395 τὰ
1037 4347 1120 4393 πολλὰ
1130 4347 1173 4403 τῆς
1184 4345 1284 4394 κτίσεως

125 4444 236 4488 vamum,
251 4434 295 4475 out
305 4428 393 4477 umbra
402 4428 442 4477 eit.
466 4427 532 4477 Sicc.
541 4425 577 4488 16,
591 4428 621 4476 Et
631 4427 680 4478 dcc
731 4431 772 4478 ret
783 4430 877 4477 ema
891 4430 1011 4487 ἀλλήλων.
1039 4426 1127 4476 creetis
1142 4423 1246 4473 omitted
1258 4424 1284 4472 in

125 4509 222 4573 quidem
238 4508 267 4557 iu
281 4508 418 4559 tamisim
432 4509 497 4572 capit
509 4509 568 4560 diei.
587 4509 662 4560 an.
730 4511 774 4560 the
785 4511 835 4559 Au.
849 4509 907 4559 MS.

175 4589 345 4655 'fodr-iem,
357 4591 373 4641 i.
382 4608 403 4641 e.
416 4589 531 4655 Bptdcm.
781 4590 792 4621 ⁴
810 4592 842 4642 etr
853 4591 896 4641 τιν
910 4585 983 4654 putto
993 4589 1039 4650 τῆι
1050 4587 1186 4647 tenuetur,
1195 4602 1226 4649 p,
1237 4583 1300 4642 aaa.
