2954 4986
476 349 630 403 mucius
657 350 831 403 assuens.
1163 337 1229 402 219

74 533 167 575 suum
196 534 321 598 semper
346 520 528 578 tentantem
550 534 613 591 eos,
637 519 672 578 et
697 520 774 578 tunc
800 518 930 578 tentare
953 513 1042 578 ¹eum
1066 512 1228 598 suspicati,
1241 522 1395 608 bgggffi

75 633 139 675 non
158 622 366 678 accurrerunt
382 613 406 676 J
408 635 473 687 esu,
487 635 589 698 neque
606 613 811 677 crediderunt
827 612 1064 679 annuntiationi
1081 613 1169 697 ejus:
1196 620 1230 678 et
1265 616 1372 702 {2⁸33-

75 720 247 798 propterea
263 713 449 777 remansisse
465 713 586 777 animas
602 712 742 797 ipsorum
766 713 851 798 apud
877 713 994 778 inferos
1019 712 1111 777 dixit.
1166 711 1231 777 Sed

75 810 149 877 huic
166 812 303 897 quidem,
320 813 469 898 quoniam
486 821 521 877 et
541 811 626 876 solus
643 812 810 877 manifeste
827 835 922 877 ausus
938 821 988 878 est
1005 813 1231 877 circumcidere

78 910 270 996 Scripturas,
288 921 320 977 et
338 913 540 998 impudorate
557 934 652 997 super
668 933 777 976 omnes
794 914 978 978 obtrectare
993 912 1109 986 Deum,
1127 912 1232 976 ²seor-

76 1033 147 1075 sum
170 1013 433 1089 contradicemus,
452 1034 492 1076 ex
518 1012 586 1096 ejus
608 1011 735 1096 scriptis
760 1019 933 1099 arguentes
959 1035 1042 1087 eum,
1066 1019 1101 1076 et
1126 1035 1168 1076 ex
1193 1011 1231 1077 iis

77 1111 274 1175 sermonibus
296 1113 349 1198 qui
370 1112 456 1197 apud
482 1134 555 1176 eum
572 1112 732 1176 observati
755 1120 841 1190 sunt,
862 1111 992 1176 Domini
1011 1119 1044 1177 et
1069 1112 1230 1198 Apostoli,

77 1211 190 1296 quibus
218 1211 285 1295 ipse
308 1213 421 1289 utitur,
448 1210 641 1276 eversionem
668 1212 735 1298 ejus
760 1212 921 1286 faciemus,
947 1220 1124 1298 praestante
1148 1210 1230 1277 Deo.

79 1309 172 1375 Nunc
204 1321 312 1376 autem
339 1312 516 1376 necessario
543 1311 742 1376 meminimus
768 1312 846 1398 ejus,
881 1319 921 1376 ut
951 1312 1048 1377 scires
1081 1312 1231 1396 quoniam

77 1432 187 1475 omues
215 1411 269 1495 qui
293 1433 420 1497 quoquo
445 1412 540 1476 modo
565 1411 752 1476 adulterant
778 1412 959 1485 veritatem,
977 1419 1013 1476 et
1037 1411 1232 1496 praeconium

78 1508 231 1575 Ecclesiae
256 1511 388 1584 laedunt,
413 1510 552 1575 Simonis
576 1510 771 1576 Samaritani
796 1512 882 1598 magi
911 1511 1077 1597 ³discipnli
1102 1521 1136 1576 et
1162 1533 1231 1576 suc-

79 1632 217 1675 cessores
233 1612 321 1676 ‘sunt
374 1609 527 1688 Quamvis
544 1632 608 1674 non
634 1611 848 1676 confiteantur
872 1632 988 1675 nomen
1014 1610 1160 1696 magistri
1183 1610 1232 1675 sui

79 1710 120 1775 ad
138 1711 354 1776 seductionem
372 1711 586 1796 reliquorum
614 1719 760 1775 attamen
781 1709 863 1775 illius
882 1709 1076 1776 senteutiam
1098 1710 1229 1775 docent:

81 1809 201 1874 Christi
214 1810 342 1895 quidem
355 1809 378 1874 J
380 1832 435 1874 esu
448 1832 563 1875 nomen
575 1818 730 1895 tanquam
743 1809 979 1876 irritamentum
995 1812 1008 1850 ⁴
1013 1810 1231 1895 praelerentes,

80 1908 216 1974 Simonis
250 1919 359 1975 autem
394 1909 594 1995 impietatem
631 1910 718 1974 varie
752 1910 1001 1989 introducentes,
1034 1909 1233 1975 mortificant

80 2009 205 2088 multos,
225 2032 283 2096 per
298 2032 414 2074 nomen
434 2011 553 2074 bonum
571 2009 764 2074 senteutiam
782 2032 871 2074 suam
897 2010 980 2074 male
1002 2009 1232 2095 disperdentes,

80 2118 114 2174 et
134 2133 193 2194 per
218 2110 416 2175 dnlcedinem
442 2118 477 2175 et
501 2111 647 2174 decorem
665 2109 813 2186 nominis,
831 2132 976 2175 amarum
1001 2117 1036 2174 et
1059 2109 1234 2196 malignum

79 2209 229 2296 principis
245 2209 415 2296 apostasia
432 2209 589 2296 serpentis
606 2231 760 2275 venenum
778 2209 980 2298 porrigentes
996 2209 1050 2275 eis

520 2588 620 2654 CAP.
649 2586 790 2654 XXVI.

81 2762 169 2852 Qua
186 2775 235 2837 est
258 2760 528 2838 Oorttiaeutium
545 2763 744 2849 oversoti0;
769 2763 889 2862 qnnlt's
906 2778 956 2839 est
978 2764 1135 2840 Turiam·
1151 2765 1234 2840 doc·

153 2877 273 2963 triam
291 2877 388 2952 ande
404 2877 452 2970 ti,
473 2878 538 2977 qui
554 2879 825 2979 iadffl'erentias
841 2880 1075 2974 induxerant,
1089 2909 1234 2981 accepe-

152 3010 240 3071 runt
258 2995 492 3071 occasionem.

157 3224 187 3287 l.
229 3222 281 3286 As
306 3221 355 3286 his
371 3229 480 3287 autem
498 3221 552 3307 qui
570 3221 715 3307 predicti
731 3227 817 3296 sunt,
831 3221 900 3306 jam
916 3221 1027 3286 multae
1044 3221 1234 3309 propagines

79 3323 253 3387 multarum
281 3321 438 3386 haeresum
468 3322 563 3386 factae
592 3328 677 3398 sunt,
703 3344 743 3386 eo
763 3322 848 3407 quod
873 3320 966 3385 multi
992 3344 1033 3387 ex
1058 3320 1143 3406 ipsis,
1169 3321 1234 3387 imo

79 3444 188 3487 omnes
211 3422 310 3487 velint
330 3423 477 3486 doctores
498 3443 576 3499 esse,
599 3429 634 3488 et
656 3422 828 3487 abscedere
849 3421 976 3507 quidem
1002 3423 1043 3486 ab
1066 3420 1180 3486 haeresi
1200 3420 1234 3486 in

80 3544 142 3606 qua
158 3522 309 3597 luerunt;
337 3520 549 3586 alludentem
570 3522 687 3607 dogma
704 3523 745 3586 ab
763 3520 825 3586 alia
844 3521 1013 3599 sententia,
1032 3528 1067 3586 et
1087 3521 1235 3607 deinceps

80 3621 216 3685 alteram
238 3622 280 3686 ab
303 3621 405 3686 altera
422 3631 657 3706 componentes,
675 3643 756 3686 novo
774 3622 889 3687 docere
906 3619 1067 3700 insistunt,
1085 3622 1234 3708 semetip-

79 3743 130 3785 sos
139 3721 363 3787 adinventores
374 3720 555 3798 sententiae,
567 3743 788 3808 quamcunque
798 3721 1025 3808 compegeriut,
1037 3731 1233 3787 enarrantes.

128 3932 137 3965 1
155 3933 250 3982 Garun
267 3934 348 3997 printa
364 3948 408 3993 cce,
425 3933 472 3981 but
488 3934 532 3982 the
549 3933 630 3982 Cunn-
680 3933 879 3994 συγγραμμάτων
899 3934 1029 3993 ἀντιλέξειν
1050 3935 1116 3997 αὐτῷ
1137 3935 1162 3984 ἑν
1184 3935 1235 3996 ἰδίῳ

79 4027 151 4063 nour
160 4014 218 4064 MS.
227 4016 271 4063 has
282 4031 343 4075 eum,
355 4015 436 4063 audit
447 4015 630 4063 makesasuffi·
680 4015 858 4073 σπουδάσματα
877 4013 913 4063 Η.
924 4014 952 4065 Ε.
967 4027 993 4064 v.
1007 4016 1030 4064 8.

79 4097 171 4161 ciently
189 4096 253 4160 good
272 4112 355 4156 sense;
377 4096 399 4144 it
419 4096 441 4144 is
459 4096 579 4145 therefore
596 4113 632 4145 re·
728 4094 1044 4162 'Olpp.169,170,191.
1064 4098 1235 4147 Hrreourrns

79 4180 169 4228 stored.
195 4179 368 4227 ThnAnnun.
382 4177 439 4228 MS.
453 4179 499 4226 has
510 4193 571 4227 σανα.
680 4178 765 4226 makes
784 4178 827 4226 the
846 4195 913 4227 same
927 4179 1055 4237 assertion,
1072 4179 1130 4227 that
1150 4178 1235 4227 Simon

127 4260 139 4292 ¹
155 4262 282 4310 Inritatus
303 4276 429 4324 expresses
448 4261 491 4308 the
508 4275 577 4307 same
594 4260 631 4308 in·
681 4258 774 4323 Magus
785 4275 836 4307 was
847 4261 890 4308 the
905 4261 1041 4324 originator
1055 4260 1084 4308 of
1095 4260 1235 4323 theosophi·

79 4343 184 4402 tention,
197 4354 239 4391 111.
249 4343 301 4400 xii,
315 4342 362 4389 but
374 4341 394 4389 it
405 4342 488 4390 would
498 4356 564 4390 seem
575 4342 633 4390 that
681 4341 720 4389 cal
736 4341 896 4391 Gnosticism.
925 4358 975 4404 ep.
995 4341 1052 4403 παρ’
1072 4338 1101 4389 οὗ
1120 4342 1160 4389 καὶ
1181 4341 1236 4392 τοὺς

79 4424 109 4473 he
120 4440 198 4472 never
208 4423 302 4471 carried
312 4424 334 4472 it
344 4423 398 4471 into
405 4423 490 4482 effect3
501 4423 540 4470 lor
548 4422 631 4470 Euan·
682 4424 826 4472 ἀκολούθους
837 4424 946 4484 ἀφορμὰς
957 4424 1078 4485 λαβόντος
1089 4422 1176 4482 ἑτέροις
1187 4421 1237 4470 dvl-

79 4516 141 4554 arus
162 4505 252 4570 speaks
269 4505 298 4553 of
316 4505 337 4553 it
356 4504 416 4568 only
431 4521 459 4553 as
478 4520 494 4552 a
512 4505 630 4568 promise:
681 4521 754 4564 μασιν
765 4506 835 4562 ὅμοια
845 4505 1025 4562 τετολμηκένοι.
1043 4515 1080 4550 vn
1095 4514 1117 4563 7.

78 4589 236 4650 δήγγελται
247 4588 273 4636 δὲ
287 4587 301 4637 d
313 4588 384 4637 αὐτὸς
395 4588 422 4636 ἐκ
432 4587 481 4635 τῶν
494 4585 633 4649 napum
730 4584 743 4618 ⁴
758 4585 867 4645 Cum,
881 4585 928 4633 but
938 4585 1046 4634 Anum
1056 4583 1211 4647 proferentes.
