2954 4986
423 367 448 417 a
473 365 694 420 communis
722 368 881 420 nutare.
1166 358 1230 425 175

76 529 221 623 πρῶτον,
249 526 302 595 καὶ
323 523 375 595 διὰ
394 523 518 612 Δαβὶδ,
542 527 602 597 ὅτε
625 527 680 596 ἐπὶ
708 527 892 624 τριάκοντα
915 529 1046 627 ἡμέραις
1069 531 1230 628 ἐκρύβετο
1243 550 1296 589 UB-
1305 550 1321 589 ¹·
1335 550 1363 590 ¹¹·
1374 552 1393 590 ³·

1248 598 1360 637 (ἕλικι.
1367 600 1387 637 ³.

76 641 109 708 ἐν
123 645 172 725 τῷ
190 636 295 736 ἀγρῷ,
310 637 363 706 καὶ
385 635 437 706 διὰ
452 643 518 707 τῶν
537 641 816 711 σννεισελθόντων
836 642 927 729 αύτῷ
941 644 984 717 εἷς
1000 640 1044 712 τό
1062 648 1231 724 σπήλαιον
1267 645 1368 731 iilisd'

79 752 128 848 (d.
148 749 307 847 Ἰσραὴλ)
333 749 387 819 καὶ
409 747 460 819 διὰ
482 752 532 844 (d.
554 754 677 844 τοῦτο)
700 750 742 822 τὸ
761 759 862 835 μῆκος
883 755 1034 844 γίνεσθαι
1053 757 1112 836 τῆς
1131 757 1231 846 α’γῖας
1246 775 1393 784 '‘-

77 869 194 945 σκηνῆς
210 861 395 961 τριάκοντα
415 868 541 957 πηχῶν·
574 864 628 933 καὶ
648 864 678 933 εἴ
692 895 766 934 τινα
790 864 882 935 ἅλλα
904 867 1069 963 ἰσάριθμα
1097 869 1232 944 τούτοις

77 976 291 1074 Ῑεὑρίσκουσι,
319 974 380 1056 την
408 973 633 1072 τριακοντιίύα
665 977 771 1047 αύτῶν
798 976 849 1048 διὰ
879 983 944 1049 τῶν
972 980 1132 1050 τοιούτων
1161 980 1233 1050 ε’πι-

79 1086 231 1159 δεικνύναι
259 1092 528 1186 φιλεριστοῦσιν.

567 1317 660 1414 Κεφ.
680 1315 738 1404 ιβ’.

80 1468 399 1561 Quemadmodum
419 1470 642 1569 incapitalem
669 1469 835 1545 omuibus
858 1471 1032 1547 irtducera
1054 1486 1233 1548 conentur

570 1587 735 1660 Patrem.

148 1742 642 1834 ἈΝΑΓΚΑΙΟΝηγησάμην
655 1746 850 1840 προσθεῖναι
861 1744 994 1820 τούτοις
1005 1744 1059 1814 καὶ
1073 1745 1139 1815 ὅσα
1154 1745 1231 1842 περὶ

79 1862 144 1928 τοῦ
163 1856 396 1955 Προπάτορος
415 1857 529 1939 αὐτῶν,
549 1856 583 1932 ὃς
600 1853 775 1947 ἄγνωστος
800 1854 837 1936 ἦν
862 1865 934 1931 τοῖς
959 1859 1045 1925 πᾶσι
1074 1855 1143 1954 πρὸ
1173 1863 1231 1938 τῆς

79 1974 142 2039 τοῦ
174 1968 334 2067 Χριστοῦ
363 1969 554 2066 παρουσίας,
583 1968 775 2057 ἐκλέγοντες
801 1969 835 2036 ἐκ
858 1972 924 2038 τῶν
948 1973 1091 2066 γραφῶν
1108 1970 1231 2040 πείθειν

80 2081 313 2179 ἐπιχειροῦσιν,
331 2082 369 2150 ’ἶν’
384 2079 568 2174 ε’πιύεῖξιοσι
586 2078 648 2151 τὸν
664 2079 790 2177 Κύριον
807 2082 893 2161 ἡμῶν
912 2078 1020 2150 ἄλλον
1035 2083 1232 2172 καταγγέλ-

79 2200 188 2264 λοντο
208 2192 352 2290 Πατέρα
371 2190 463 2291 παρὰ
478 2191 540 2262 τὸν
555 2195 695 2274 ποιητὴν
714 2190 812 2262 τοῦδε
828 2197 891 2261 τοῦ
909 2193 1044 2268 παντός·
1068 2193 1113 2276 ὃν,
1126 2194 1231 2269 καθὼς

80 2305 288 2404 προέφαμεν,
318 2304 526 2392 ἀσεβοῦντες,
554 2307 783 2402 ὑστερήματος
807 2303 936 2401 καρπὸν
970 2302 1048 2374 εἶναι
1078 2306 1229 2395 λέγουσι.

80 2415 153 2487 Τὸν
179 2422 261 2508 γοῦν
290 2421 469 2515 προφήτην
500 2414 648 2486 Ἡσαΐαν
682 2414 829 2487 εἰπόντα·
871 2415 1011 2513 Ἰσραὴλ
1038 2415 1073 2486 de'
1102 2448 1144 2499 με
1176 2417 1231 2487 ούκ

80 2530 173 2620 ἔγνω,
202 2528 256 2598 καὶ
283 2531 301 2599 ὁ
330 2527 413 2604 λαός
446 2559 488 2609 με
519 2528 555 2597 ού
587 2534 710 2612 συνῆκε,
742 2528 803 2610 την
836 2533 900 2598 τοῦ
935 2526 1084 2627 ἀοράτου
1119 2529 1233 2600 Butos

80 2640 249 2732 ἇγνωσῖαν
261 2641 415 2738 εἰρηκέναι
430 2637 692 2739 μεθαρμόζονσι.
728 2640 799 2709 Kal
819 2637 871 2709 ded
886 2638 986 2722 Ὠσηὲ
998 2639 1042 2711 τδ
1058 2642 1231 2739 εἰρημένον·

82 2870 169 2945 Saul,
182 2869 311 2955 .....qui
327 2868 463 2956 triginta
486 2869 597 2935 diebus
620 2871 876 2935 abscondebatur
893 2869 926 2933 in
946 2891 1034 2955 agro,
1053 2876 1087 2934 et
1104 2892 1162 2954 per
1179 2893 1233 2935 eos
1245 2886 1391 2971 {mpp-

82 2971 225 3057 quicum
242 2992 280 3033 eo
297 2968 497 3034 intraverunt
514 2970 546 3033 in
564 2970 755 3054 speluncam,
773 2978 806 3034 et
824 2976 956 3054 propter
977 2969 1010 3031 id
1033 2969 1118 3053 quod
1133 2969 1232 3055 longi·
1243 2989 1386 3076 lffiffl}

81 3071 162 3136 tudo
177 3068 275 3133 suerit
292 3068 394 3132 saneti
412 3068 608 3133 tabernaculi
624 3068 761 3154 triginta
778 3068 967 3132 cubitorum.
1016 3066 1062 3132 Et
1086 3089 1232 3150 quaeeun·
1245 3083 1377 3168 {mm

81 3192 142 3255 que
157 3168 220 3233 alia
237 3167 370 3254 aequalia
385 3167 524 3231 numeris
540 3167 589 3231 his
608 3167 835 3242 ¹iuveuiuntur,
849 3166 1081 3231 triacontadem
1093 3165 1232 3250 ipsorum
1244 3177 1262 3214 l

80 3290 138 3353 per
152 3267 334 3354 hujusmodi
350 3266 525 3333 ostendunt
541 3267 799 3332 asseverationes.

554 3450 655 3515 CAP.
684 3449 769 3515 XII.

154 3586 374 3652 Nrcnsasmuu
389 3594 498 3653 autem
516 3585 593 3650 duxi
610 3585 729 3650 addere
747 3583 794 3660 iis,
808 3589 842 3647 et
860 3589 982 3668 quanta
996 3582 1037 3647 de
1055 3582 1235 3668 Propatore

80 3685 231 3772 ipsorum,
255 3687 309 3772 qui
335 3687 514 3773 incognitus
541 3692 613 3748 erat
636 3684 781 3748 omuibus
804 3691 880 3747 ante
905 3683 1078 3747 adventum
1103 3682 1233 3760 Christi,

80 3786 234 3873 eligentes
252 3787 293 3850 de
311 3785 483 3870 Scripturis
497 3783 631 3848 suadere
648 3783 855 3855 contendunt,
873 3789 911 3846 ut
931 3783 1103 3845 ostendant
1122 3781 1232 3847 Domi·

80 3907 157 3950 num
174 3895 320 3949 nostrum
338 3885 475 3950 alterum
494 3881 688 3946 annunciare
707 3881 840 3945 Patrem
863 3886 985 3964 praeter
1007 3881 1233 3946 fabricatorem

80 3984 175 4070 hujus
204 3984 440 4050 universitatis:
476 4004 570 4069 quem
602 3979 697 4063 (sieut
723 3979 943 4064 praediximus)
969 3979 1064 4064 impie
1088 3980 1233 4065 blasphe-

80 4092 215 4160 mantes,
236 4084 335 4149 Labie
356 4084 495 4148 fructum
521 4103 589 4145 esse
610 4079 730 4143 dieunt.
774 4078 970 4163 Prophetam
989 4080 1088 4165 igitur
1106 4081 1233 4144 Esaiam

80 4183 261 4258 dicentem3
290 4183 396 4248 Israel
418 4204 464 4246 mo
490 4191 590 4246 amem
616 4201 676 4243 ιιοιι
701 4179 843 4262 repascit,
879 4188 906 4242 ot
932 4181 1066 4264 popalus
1097 4201 1143 4244 um
1174 4197 1342 4244 moratus.

80 4283 242 4359 intellexit,
260 4281 423 4347 invisibilis
442 4281 540 4368 Bythi
557 4278 771 4367 ignorantiam
789 4277 906 4342 dixisse
921 4287 1084 4362 coaptant.
1138 4278 1183 4343 Et
1200 4279 1233 4341 iu

124 4472 174 4523 ¹1s
184 4472 268 4522 would
283 4486 351 4521 seem
361 4472 417 4521 that
429 4471 573 4533 εὑρίσκοντες
584 4487 636 4519 was
686 4470 835 4531 εὑρίσκονται
852 4470 885 4533 by
897 4470 939 4517 the
954 4469 1095 4528 translator,
1112 4468 1161 4516 and
1177 4469 1234 4530 tripl-

80 4555 180 4605 wiltun
198 4569 216 4603 α
232 4552 323 4616 prim
338 4567 420 4612 ιιιοπα,
439 4553 486 4601 but
503 4568 555 4601 wau
576 4551 635 4600 read
686 4567 770 4599 σκονσι
782 4551 870 4613 bytho
881 4552 1036 4600 transcriber.
