2954 4986
270 348 314 414 68
349 373 352 378 ·
679 361 706 412 s
725 359 1022 413 scnmruaanuu

115 565 255 607 mm,
274 525 350 606 ἣνὸ
380 521 491 621 σοφὸς
517 520 671 616 τεχνίτης
697 521 926 602 κατεσκεύασε,
953 516 1068 593 δεικνύς
1094 515 1154 592 τὰς
1180 513 1339 614 ψηφῖδας
1365 513 1423 590 τὰς

110 613 262 744 &liis
273 641 380 712 καλῶς
399 633 463 705 ύπό
488 639 549 704 τοῦ
573 633 731 728 τεχνίτου
755 638 819 703 τοῦ
844 632 979 730 πρῶτον
1008 633 1050 707 εἷς
1076 631 1137 712 την
1165 633 1228 699 τού
1256 628 1423 715 βασιλέως

110 750 381 836 ᾗῇείκόνα
413 746 634 828 συντεθείσας,
669 748 771 820 κακῶς
805 742 840 812 δὲ
878 742 942 813 ύπό
977 748 1041 814 τοῦ
1075 743 1216 839 ύστίρου
1255 743 1298 816 είς
1336 739 1424 815 κυνός

110 847 246 937 agassur.
274 860 409 959 μορφὴν
431 857 692 953 μετενεχθείσας,
715 856 769 926 καί
797 853 849 925 lul
879 862 937 936 τῆς
962 859 1028 925 τῶν
1048 852 1209 954 ψηφίδων
1235 854 1424 951 φαντασίας

274 971 443 1056 μεθοδεύοι
466 970 543 1046 τούς
566 969 811 1066 ἆπειροτέρους,
834 967 910 1042 τοὺς
935 964 1133 1060 κατάληψιν
1149 969 1328 1054 βασιλικῆς
1345 996 1424 1063 μορ-

273 1092 341 1183 φῆς
360 1085 415 1154 ούκ
433 1085 581 1178 ἔχοντας,
606 1081 658 1150 καί
685 1081 793 1150 πείθοι
819 1081 872 1150 ὅτι
896 1078 978 1160 αύτη
1004 1083 1021 1161 ἡ
1044 1078 1160 1178 σαπρὰ
1181 1086 1239 1158 τῆς
1257 1079 1424 1153 ἀλώπεκος

276 1195 346 1266 ι’θὲα
369 1195 463 1266 ἐστίν
488 1193 585 1274 ἐκείνη
611 1196 628 1273 ἦ
652 1193 737 1274 καλὴ
761 1198 824 1263 τοῦ
846 1192 1015 1278 βασιλέως
1042 1194 1139 1261 είκιύν·
1174 1189 1237 1261 τόν
1263 1188 1364 1259 αι’κτόυ
1391 1189 1424 1272 θη

168 1337 182 1360 ⁶¹
213 1320 220 1334 '
275 1309 406 1406 τρόπον
442 1305 495 1376 καί
534 1305 625 1375 οὗτοι
664 1309 777 1403 γραῶν
812 1305 930 1386 μύθους
965 1306 1266 1394 συγκαττύσαντες,
1312 1302 1424 1372 ἔπειτα
1438 1327 1477 1364 Μ..

275 1425 410 1518 ῥήματα
427 1418 480 1489 καί
498 1415 603 1510 λέξεις
620 1416 674 1487 καί
695 1413 898 1515 παραβολὰς
918 1417 993 1486 ὅθεν
1011 1416 1064 1486 καί
1084 1418 1186 1487 πόθεν
1199 1414 1424 1494 ἀποσπῶντες,

278 1530 483 1632 ἐφαρμόζειν
500 1531 684 1616 βούλονται
704 1539 775 1604 τοῖς
792 1530 905 1610 μύθοις
922 1529 1027 1598 αύτῶν
1039 1524 1182 1634 [ἑαυτῶν
1195 1533 1294 1619 Epir.
1315 1523 1370 1631 bl]
1383 1528 1425 1599 τὰ

277 1645 382 1734 λόγια
412 1648 474 1715 τοῦ
500 1642 596 1712 Θεοῦ.
644 1640 714 1710 Kal
739 1641 805 1710 ὅσα
830 1638 889 1722 μὲν
917 1641 949 1709 ε’ν
974 1651 1046 1715 τοῖς
1075 1636 1111 1744 [l
1133 1652 1206 1718 τοῖς
1229 1637 1337 1744 ἐντός]
1370 1647 1428 1712 τού

279 1756 514 1854 Πληριύματος
534 1750 793 1852 ἐφαρμόζουσιν,
815 1755 991 1850 εἰρήκαμεν.

358 1867 413 1936 16.
458 1865 556 1935 Ὅσα
589 1863 623 1933 δὲ
652 1864 705 1933 καὶ
738 1875 809 1940 τοῖς
840 1863 934 1940 ε’κτός
968 1871 1029 1935 τού
1058 1864 1294 1963 Πληριύματος
1325 1866 1427 1936 αύτῶν

280 1983 510 2079 προσοικειούν
539 1981 714 2076 πειρῶνται
742 1978 775 2045 ἐκ
801 1982 866 2047 τῶν
896 1981 1047 2075 γραφῶν,
1077 1977 1150 2047 ἔστι
1177 1983 1332 2048 τοιαῦτα·
1370 1976 1429 2048 τόν

279 2091 405 2190 Κύριον
440 2091 473 2160 ἕν
509 2100 580 2165 τοῖς
618 2086 778 2184 ἐσχάτοις
813 2094 876 2159 τού
907 2090 1034 2171 κόσμου
1071 2090 1202 2186 χρόνοις
1234 2087 1287 2159 διὰ
1324 2095 1428 2159 τοῦτο

279 2204 472 2285 ἐληλυθέναι
497 2201 551 2270 ε’πί
578 2199 621 2273 τό
649 2197 754 2276 πόθος
781 2202 946 2291 λέγουσιν,
976 2202 1014 2270 ἵν’
1045 2199 1188 2294 ἐπιόείξη
1210 2201 1254 2272 τὸ
1275 2200 1429 2300 περὶτῶν

280 2317 430 2411 ἔσχατον
449 2319 515 2385 τῶν
532 2313 666 2383 Αίιύνιον
684 2311 823 2403 γεγονός
842 2309 956 2395 πόθος,
977 2313 1030 2382 καί
1050 2311 1088 2381 ‹lt'
1112 2315 1214 2384 αι’ντοῦ
1232 2321 1296 2385 τοῦ
1315 2317 1430 2389 τέλους

281 2430 409 2526 ε’μφῄνη
429 2425 472 2498 τό
490 2426 590 2501 τέλος
607 2433 664 2506 τῆς
690 2425 765 2521 περὶ
790 2424 866 2512 τούς
886 2424 1016 2500 Αίῶνας
1032 2427 1276 2523 πραγματείας.
1309 2427 1381 2508 Τὴν
1399 2424 1431 2494 δὲ

281 2538 462 2622 «laterent
500 2538 665 2635 παρθένον
694 2538 818 2619 ε’κείνην,
845 2537 905 2618 τὴν
931 2543 994 2608 τοῦ
1019 2538 1301 2636 ἀρχισυναγώγου
1331 2543 1433 2629 θυγα-

280 2652 373 2751 τέρα,
401 2652 436 2736 ἢν
462 2647 607 2724 ε’πιστὰς
645 2651 663 2717 ὁ
701 2649 824 2747 Κύριος
859 2651 893 2717 ἐκ
926 2654 1041 2747 νεκρῶν
1067 2649 1185 2748 ἤγειρε,
1216 2653 1323 2721 τύπον
1355 2650 1432 2720 εἶναι

281 2917 398 2984 artifex
414 2916 592 2991 fabricavit,
610 2917 780 2981 ostendens
797 2939 947 3003 gemmas,
965 2939 1035 3004 quae
1053 2918 1133 2983 bene
1150 2916 1276 3003 quidem
1295 2919 1435 3004 aprime

283 3018 404 3084 artifice
425 3018 457 3082 in
475 3017 558 3104 regis
580 3015 749 3102 imaginem
767 3015 949 3101 compositae
972 3026 1076 3094 erant,
1094 3017 1175 3082 male
1196 3040 1271 3082 vero
1293 3041 1314 3082 a
1332 3027 1435 3104 poste

282 3118 366 3183 riore
382 3118 416 3182 in
438 3117 524 3183 canis
541 3117 677 3203 figuram
694 3115 859 3180 translatae
876 3124 961 3190 sunt,
980 3127 1014 3181 et
1037 3139 1094 3202 per
1116 3139 1313 3204 gemmarum
1338 3119 1435 3203 phan-

285 3217 401 3282 tasiam
418 3215 558 3300 decipiat
575 3215 703 3291 idiotas,
715 3215 769 3298 qui
781 3215 1095 3299 comprehensionem
1109 3216 1225 3301 regalis
1243 3218 1357 3281 formae
1373 3240 1435 3280 non

282 3315 432 3391 habeant,
447 3323 480 3378 et
495 3315 628 3376 suadeat
646 3314 794 3397 quoniam
809 3315 877 3378 haeo
893 3314 996 3399 turpis
1013 3314 1184 3399 vulpeculae
1201 3315 1304 3401 figura
1317 3318 1372 3381 illa
1389 3325 1436 3380 est

282 3414 368 3477 bona
399 3413 484 3498 regis
517 3411 642 3497 imago:
688 3414 799 3476 eodem
835 3414 930 3476 modo
956 3420 989 3477 ct
1015 3414 1047 3477 hi
1082 3415 1278 3478 anicularum
1314 3416 1437 3480 fabulas

282 3519 476 3577 assumentes
504 3510 716 3598 [adsuentes],
739 3518 812 3597 post
836 3512 950 3576 deinde
975 3535 1144 3588 sermones,
1163 3527 1197 3578 et
1220 3513 1386 3587 dictiones,
1405 3524 1436 3580 et

282 3608 449 3696 parabolas
483 3608 557 3673 hinc
590 3608 665 3674 inde
692 3611 882 3689 auferentes,
913 3612 1068 3696 adaptare
1094 3613 1204 3678 volunt
1231 3613 1348 3678 fabulis
1374 3615 1437 3679 suis

282 3709 407 3793 eloquia
422 3708 492 3774 Dei.
521 3710 564 3773 Et
575 3715 696 3794 quanta
709 3709 836 3794 quidem
849 3709 895 3786 iis,
908 3711 961 3796 qui
978 3709 1079 3797 [quas]
1092 3720 1167 3778 sunt
1179 3711 1266 3777 intra
1278 3713 1436 3790 Pleroma,

282 3815 407 3892 aptant,
427 3807 572 3873 diximus.

359 3908 411 3971 16.
459 3907 591 3983 Quanta
611 3916 719 3972 autem
742 3909 782 3972 de
804 3909 850 3978 iis.
872 3909 926 3995 qui
945 3907 1047 3998 [qnae]
1067 3921 1162 3976 extra
1188 3912 1340 3977 Pleroma
1364 3921 1438 3978 sunt

281 4005 431 4090 ipsorum,
454 4006 496 4070 ad
520 4028 593 4070 suos
619 4006 777 4072 insinuare
802 4017 959 4074 conantur
978 4033 1018 4074 ex
1046 4010 1228 4095 Scripturis,
1248 4022 1324 4078 sunt
1342 4013 1435 4077 talia:

282 4103 455 4171 Dominum
472 4105 506 4169 in
522 4104 697 4169 novissimis
714 4107 824 4171 mundi
842 4110 1037 4192 temporibus
1050 4120 1182 4195 propter
1195 4111 1256 4176 hoe
1267 4112 1389 4176 venisse
1399 4112 1438 4177 ad

279 4204 457 4290 passionem
469 4205 632 4276 dicunt‚ut
642 4206 801 4282 ostendat,
815 4229 885 4290 quae
895 4208 979 4272 circa
988 4209 1189 4274 novissimum
1201 4211 1345 4276 AEonum
1356 4212 1438 4276 facta

280 4295 338 4379 est,
353 4303 540 4390 passionem,
560 4311 594 4368 et
610 4325 668 4388 per
684 4304 768 4368 hunc
783 4307 878 4369 finem
894 4307 1076 4373 manifestet
1092 4308 1187 4373 finem
1206 4311 1284 4396 ejus,
1300 4333 1375 4396 qnae
1393 4319 1437 4375 est

115 4403 165 4445 ¹⁴⁰⁶*
176 4406 219 4446 ’Μ
228 4408 250 4447 ⁴¹
279 4405 364 4471 circa
384 4405 515 4478 AEonas,
531 4402 754 4490 dispositionis.
794 4403 969 4471 Duodecim
989 4416 1097 4472 autem
1112 4430 1268 4474 annorum
1286 4410 1436 4497 virginem

115 4461 170 4500 m
278 4504 366 4569 illam
391 4503 631 4591 archisynagogi
659 4503 767 4580 filiam,
787 4527 882 4589 qnam
905 4507 1053 4572 insistens
1078 4507 1235 4572 Dominus
1261 4533 1281 4574 a
1305 4509 1436 4575 mortuis

67 4588 184 4672 ἱ
