2954 4986
435 356 716 411 UNIVERSORUM
743 357 881 412 IMAGO.
1167 343 1233 407 265

1247 532 1300 573 tm.
1310 532 1338 573 11.
1348 542 1368 571 v.
1378 532 1398 571 t.

1259 579 1303 617 GR
1315 579 1344 616 lt.
1355 577 1383 616 vl.

570 625 671 691 OAP·
698 623 741 691 V·
1264 625 1342 664 MASS.
1350 625 1380 664 11.

1295 671 1330 710 vil.
1341 673 1357 709 1.

1249 743 1396 756 ...-—--

82 769 248 847 ostensio
276 799 349 847 non
376 799 447 848 esso
476 800 559 848 eum
588 801 667 873 qua
694 787 743 850 eat
769 775 966 850 secuudum
996 800 1060 850 uos
1092 789 1234 849 erectu-

156 916 243 963 rum
261 889 460 989 imaginem
476 891 697 968 Pleromatis
712 918 846 985 corum,
863 919 977 991 oeque
986 891 1235 990 Demiurgum

163 1004 360 1103 (Imperiti.

82 1158 114 1220 1.
158 1155 363 1220 Iunonsurs
391 1153 497 1242 itaque
527 1156 699 1246 Demiurgo
726 1159 879 1237 universa,
905 1158 1097 1225 Salvatorem
1125 1159 1234 1225 mount

80 1260 251 1326 honorasse
275 1259 420 1325 Pleroma
446 1259 479 1324 iu
505 1260 681 1326 conditione
704 1285 759 1348 per
786 1263 934 1341 Matrem,
961 1262 1178 1328 similitudines
1200 1271 1233 1329 et
1245 1281 1262 1321 1·
1271 1280 1312 1322 tt.

80 1362 235 1450 imagines
263 1385 464 1450 eorumquae
491 1388 614 1430 sursum
642 1376 716 1431 sunt
744 1367 949 1433 emittentem.
995 1365 1058 1432 Sed
1087 1366 1233 1453 quoniam

80 1465 205 1553 quidem
217 1466 404 1553 impossibiie
413 1476 490 1546 erat,
502 1476 591 1533 extra
601 1469 746 1533 Pleroma
754 1491 822 1533 esse
831 1469 954 1554 aliquid,
966 1469 1070 1555 inquo
1082 1468 1234 1554 imagines

80 1571 190 1636 dicunt
204 1573 304 1636 lactus
317 1594 387 1637 esse
407 1594 514 1637 eorum
535 1572 586 1660 qui
607 1580 681 1637 sunt
698 1572 780 1636 intra
795 1573 950 1648 Pleroma,
966 1572 1014 1636 vel
1027 1573 1068 1636 ab
1082 1569 1143 1635 alio
1158 1593 1233 1657 quo·

81 1675 155 1738 darn
176 1683 290 1761 praeter
306 1674 440 1760 primum
456 1676 560 1740 Deum
582 1675 723 1740 fabricari
745 1675 828 1741 hunc
849 1677 1009 1752 mundum,
1029 1673 1232 1739 ostendimus.

83 1777 118 1843 Si
139 1789 244 1845 autem
266 1801 360 1844 suave
381 1789 430 1845 est
451 1781 586 1867 undique
608 1789 744 1844 evertere
765 1802 829 1858 eos,
852 1787 885 1845 et
905 1780 1072 1845 mendaces¹
1094 1800 1233 1865 arguere,

81 1882 221 1947 dicemus
242 1883 388 1947 adversus
405 1905 469 1960 eos,
485 1884 630 1970 quoniam
649 1883 677 1948 si
696 1883 728 1946 iu
743 1885 892 1949 honorem
906 1907 1013 1950 eorum
1027 1907 1097 1971 quae
1111 1904 1234 1948 sursum

82 1988 183 2062 ¹sunt,
204 1987 288 2051 lacta
308 1995 381 2050 sunt
401 1985 469 2051 haec
489 1986 659 2051 secundum
682 1985 803 2051 illorum
827 1987 994 2075 imaginem
1019 2011 1039 2052 a
1063 1986 1233 2064 Salvatore,

36 2113 64 2152 aa
82 2112 205 2177 semper
219 2113 257 2155 ea
272 2099 394 2176 oportet
408 2113 612 2177 perseverare,
628 2091 674 2154 uti
694 2100 724 2155 ct
747 2114 869 2177 semper
882 2093 946 2157 sint
961 2093 994 2157 in
1017 2093 1143 2170 honore,
1164 2112 1234 2178 quae

81 2203 157 2259 sunt
172 2195 331 2258 honorata.
378 2193 411 2259 si
426 2204 531 2259 autem
545 2203 717 2269 transeunt,
733 2215 803 2280 quae
817 2195 936 2260 utilitas
949 2196 1042 2283 hujus
1063 2193 1235 2260 brevissimi
1270 2224 1275 2237 ·

82 2299 233 2384 temporis
248 2299 383 2375 honoris,
395 2298 448 2384 qui
462 2297 627 2383 aliquando
642 2296 766 2382 quidem
781 2319 843 2361 non
857 2299 925 2376 tuit,
937 2322 1042 2364 rursus
1055 2307 1160 2364 autem
1172 2319 1235 2362 non

82 2402 163 2467 erit!
202 2401 304 2465 Vanae
328 2400 423 2488 igitur
440 2400 547 2487 gloriae
568 2400 725 2486 appetitor
746 2400 847 2487 magis
865 2402 941 2466 ²erit
965 2402 1117 2478 Salvator,
1140 2420 1234 2487 quam

82 2505 240 2571 honorans
262 2527 331 2591 quae
353 2512 427 2569 sunt
447 2527 579 2580 sursum,
594 2505 735 2590 arguitur
751 2526 771 2567 a
791 2505 891 2569 nobis.
939 2506 1016 2587 Quis
1038 2506 1120 2570 enim
1136 2505 1236 2569 honor

83 2617 133 2673 est
146 2619 333 2673 aeternorum
348 2629 454 2673 eorum
469 2628 538 2693 quae
552 2629 674 2693 semper
688 2616 771 2685 sunt,
786 2629 825 2672 ea
846 2630 916 2694 quae
936 2617 1010 2673 sunt
1031 2607 1232 2693 temporalia;

84 2735 192 2778 eorum
208 2736 277 2800 quae
293 2717 406 2789 ³stant,
422 2733 460 2776 ea
474 2734 543 2797 quae
561 2720 766 2798 praetereuut;
784 2712 1070 2799 incorruptibilium,
1085 2708 1235 2796 corrupti·

84 2817 180 2881 bilial
218 2817 472 2902 Quandoquidem
488 2824 521 2881 et
535 2816 617 2901 apud
632 2816 772 2882 homines
787 2818 838 2903 qui
853 2827 927 2882 sunt
940 2816 1136 2903 temporales,
1152 2815 1236 2880 nulla

83 2920 187 3006 gratia
208 2928 257 2984 est
271 2921 339 3006 ejus
356 2919 490 2996 honoris,
509 2919 561 3005 qui
579 2919 719 2983 celeriter
741 2921 890 3006 pra-terit,
909 2923 964 2986 sed
985 2924 1053 3007 ejus
1072 2921 1124 3008 qui
1142 2920 1237 3005 pluri-

84 3045 171 3087 mum
195 3034 344 3111 quantum
368 3032 471 3109 potest
499 3032 684 3109 perseverat.
730 3026 808 3106 Qum
830 3034 936 3089 autem
959 3026 1066 3090 statim
1095 3034 1130 3088 ut
1152 3025 1237 3088 lacta

83 3136 159 3193 sunt
176 3129 431 3206 exterminantur,
457 3127 489 3191 in
514 3126 733 3192 contumeliam
752 3126 853 3213 magis
876 3149 982 3190 eorum
1009 3127 1062 3212 qui
1088 3135 1237 3211 putantur

84 3230 231 3296 honorari
258 3232 341 3296 lacta
363 3253 432 3296 csse
452 3233 538 3318 juste
562 3229 718 3293 dicentur:
750 3238 783 3294 et
806 3230 1027 3295 contumeliose
1048 3230 1175 3294 tractari
1203 3231 1238 3295 id

84 3336 167 3421 qnod
182 3343 230 3399 est
252 3343 413 3410 aeternum,
428 3343 573 3420 corrupta
587 3333 654 3417 ejus
668 3340 700 3396 et
715 3331 817 3397 soluta
837 3332 981 3418 imagine.
1028 3332 1109 3414 Quid
1131 3341 1237 3397 autem

84 3437 189 3504 sinon
210 3438 369 3524 plorasset,
386 3446 418 3502 et
435 3438 564 3515 risisset,
580 3445 613 3501 et
631 3437 771 3522 aporiata
792 3446 874 3503 esset
893 3447 992 3503 mater
1011 3437 1157 3525 ipsorum,
1174 3460 1236 3504 uon

36 3565 64 3605 as.
86 3541 246 3605 habuisset
276 3541 417 3606 Salvator
442 3563 497 3627 per
526 3562 595 3627 qnae
620 3540 785 3605 honoraret
814 3541 1046 3627 plenitudinem,
1071 3547 1237 3609 ⁴extremae

86 3642 346 3708 contusionisnon
357 3643 500 3709 habentis
509 3643 662 3730 propriam
672 3645 887 3723 substantiam,
898 3667 953 3728 per
963 3667 1057 3732 quam
1071 3646 1238 3713 honoraret

89 3747 312 3834 Propatoreml

136 3903 146 3935 ¹
162 3911 219 3952 runt
230 3903 336 3952 omitted
347 3905 373 3953 iu
384 3905 427 3954 the
434 3906 495 3965 Aa„
510 3906 559 3952 τῶν
569 3908 624 3956 ἅνω.
736 3904 747 3938 ⁸
764 3906 808 3956 Otr.
822 3905 920 3968 imunt,
933 3909 980 3958 but
993 3911 1104 3960 ἑστώτων
1116 3927 1149 3960 no
1159 3913 1239 3962 doubt

135 3986 215 4037 ’trit
256 3987 357 4036 Verbum
375 3990 422 4037 erit
439 3989 535 4037 mallem
553 3989 636 4050 abessa
689 3988 953 4054 vuasinthemiginal.
973 3992 1072 4043 llsrdt
1083 3995 1142 4043 στὰς
1151 3995 1238 4054 urard·

85 4072 106 4119 is
124 4072 167 4120 the
189 4075 248 4119 note
265 4072 294 4119 of
313 4072 408 4120 Gnaar
417 4090 423 4132 3
440 4072 561 4121 redundat
582 4089 640 4136 says
688 4086 763 4130 μενος,
777 4086 829 4120 was
845 4072 888 4120 tha
904 4073 959 4122 title
970 4074 1044 4137 given
1061 4079 1088 4123 to
1104 4075 1147 4123 the
1161 4076 1239 4138 Deity

85 4153 224 4213 Massam,
237 4153 420 4202 andaltcrhim
433 4155 556 4204 Semnan.
587 4156 640 4205 But
688 4153 722 4216 by
735 4152 819 4201 Simon
831 4154 932 4218 Magus,
946 4155 1025 4204 Hu’r’.
1038 4155 1085 4204 Pb.
1093 4168 1130 4203 vr.
1143 4169 1179 4216 13.
1198 4154 1237 4204 Of.

85 4236 128 4283 the
139 4234 261 4298 difficulty
272 4236 293 4283 is
305 4235 395 4284 caused
408 4237 442 4300 by
453 4237 496 4284 the
506 4237 640 4286 translator
690 4234 852 4285 ciruuvrm.
866 4248 944 4285 xvrn.
957 4235 980 4297 6,
993 4252 1029 4289 ια.

85 4320 180 4382 having
191 4319 249 4367 read
264 4320 288 4378 ἦ,
302 4335 383 4381 mum,
397 4320 494 4369 instead
505 4321 535 4369 ol
544 4319 566 4382 ᾖ,
580 4322 637 4383 qud,
738 4319 749 4351 ⁴
764 4320 817 4368 Tha
837 4321 971 4370 translator
992 4321 1073 4384 copies
1094 4320 1137 4369 the
1157 4320 1241 4370 Greek

84 4401 167 4464 glorio
176 4402 640 4466 sc.;ptm0v,ma9ir,ret0rringtothe
688 4402 798 4465 genitive
819 4404 939 4462 absolute,
962 4418 990 4450 as
1012 4402 1107 4450 Garun
1128 4401 1173 4450 has
1194 4406 1241 4450 not

87 4483 204 4548 previous
217 4487 353 4542 sentences,
373 4483 424 4532 sud
440 4488 486 4533 not
504 4488 532 4533 tc
546 4485 589 4533 the
603 4500 640 4534 se·
688 4483 763 4533 sailed
783 4490 811 4533 to
830 4485 938 4534 observe.
977 4486 1021 4544 τῆς
1035 4485 1135 4546 ὑστέρας
1149 4485 1240 4546 amo

89 4564 154 4630 quel.
185 4563 224 4613 Cf.
238 4581 263 4628 p.
274 4577 315 4625 42,
327 4564 372 4613 lin.
385 4564 427 4613 ult.
690 4582 750 4616 seur
761 4568 802 4615 οὐκ
814 4568 922 4629 ἐχούσης,
937 4569 1011 4616 aab.
1037 4566 1075 4616 Cf.
1089 4583 1112 4631 p.
1127 4577 1164 4629 ¹7·
