2954 4986
247 343 288 404 10
741 358 900 412 oenone.

92 522 222 608 &gl-{1¹⁸
245 514 336 592 Νοῦς
357 517 410 586 καί
428 517 597 600 Ἀλήθεια.
631 518 845 602 Αίσθόμενόν
863 550 903 591 τε
920 516 980 588 τὸν
999 517 1177 608 Μονογενῆ
1196 523 1320 589 τοῦτον
1340 517 1394 614 ἐφ’

81 615 230 654 mm
246 625 293 704 οἷς
312 631 517 726 προεβλήθη,
537 633 727 728 προβαλεῖν
742 631 796 702 καί
817 629 917 704 αὐτὸν
937 629 1058 722 Λόγον
1074 629 1127 700 καί
1145 629 1244 712 Zela,
1264 630 1394 725 πατέρα

245 740 379 812 πιίντων
398 747 464 812 τῶν
484 742 557 826 μετ’
583 742 683 814 αὑτὸν
702 745 871 828 ε’σομένων,
902 743 956 813 καί
984 743 1089 841 ἀρχὴν
1117 742 1171 812 καί
1200 743 1396 839 ιμόρφωσιν

245 851 371 930 παντὸς
393 860 457 926 τοῦ
484 857 716 954 πληρώματος.
756 856 821 926 Ἐκ
845 855 882 939 ‘ll
909 861 971 927 τοῦ
997 853 1120 946 Λόγου
1142 854 1196 925 καί
1225 862 1283 935 τῆς
1309 854 1396 935 Zeia

245 968 510 1064 προβεβλῆσθαι
547 966 634 1040 κατὰ
672 967 831 1069 συζυγίαν
862 967 1084 1066 θἈνθρωπον
1106 967 1159 1037 καί
1181 967 1396 1046 Ἐκκλησίαν·

244 1078 298 1147 καί
322 1077 399 1148 εἶναι
422 1081 546 1162 ταύτην
572 1081 760 1179 ἀρχέγονον
784 1078 969 1172 Ὀγδοιίθα,
998 1078 1095 1180 ῥίζαν
1122 1079 1175 1148 καί
1206 1081 1397 1148 ὑπόστασιν

244 1195 311 1262 τῶν
341 1193 483 1277 πάντων,
503 1193 665 1291 τέτρασιν
694 1195 833 1276 ὀνόμασι
864 1195 945 1291 παρ’
973 1193 1082 1268 αὑτοῖς
1107 1191 1323 1274 καλουμένων,
1355 1187 1396 1295 [l.

244 1298 463 1408 καλουμένην]
494 1304 601 1394 Both,
879 1303 996 1397 Λογῳ,
1023 1304 1076 1374 καί
1093 1303 1288 1403 Ἀνθρώπῳ·
1319 1302 1396 1372 εἶναι

246 1413 314 1513 γὰρ
349 1417 453 1487 αὐτῶν
485 1418 628 1489 ἕκαστον
661 1419 890 1517 ἆῤῥενόθηλυν·
921 1416 1021 1493 οὕτως
1051 1421 1186 1514 πρῶτον
1212 1414 1274 1486 τὸν
1302 1415 1398 1513 Προ-

245 1529 384 1626 πιίτορα
411 1532 551 1610 ἡνῶσθαι
576 1528 662 1602 κατὰ
683 1529 842 1631 συζυγίαν
871 1533 914 1622 τῇ
944 1531 1064 1600 ἑαυτοῦ
1088 1528 1231 1619 Ἐννοίᾳ·
1271 1526 1333 1597 τὸν
1363 1527 1397 1597 δὲ

246 1639 434 1731 Μονογενῆ,
453 1643 613 1713 τουτέστι
635 1641 695 1714 τὸν
713 1642 814 1727 Νοῦν,
830 1645 873 1735 τῇ
887 1641 1061 1733 Ἀληθείᾳ·
1087 1639 1148 1714 τὸν
1164 1638 1198 1710 δὲ
1215 1638 1338 1731 Λόγον
1354 1642 1396 1731 τῇ

245 1751 328 1845 Ζωῇ,
358 1755 411 1823 καί
440 1753 501 1825 τὸν
528 1754 734 1853 ’Ἄνθρωπον
763 1757 806 1847 τῇ
838 1754 1031 1844 Ἐκκλησία.
1079 1753 1228 1828 Τούτους
1259 1749 1294 1821 θέ
1322 1751 1397 1827 τοὺς

245 1863 375 1941 Αίῶνας
397 1869 440 1942 είς
462 1864 563 1959 δόξαν
586 1873 650 1937 τοῦ
674 1865 816 1966 Πατρός
839 1867 1141 1965 προβεβλημένους,
1170 1863 1398 1952 βουληθέντας

244 1977 298 2045 καί
329 1978 444 2053 αὐτοὺς
473 1976 524 2048 διὰ
557 1985 620 2049 τοῦ
652 1977 734 2049 ι’θίου
764 1976 905 2071 δοξάσαι
934 1976 994 2050 τὸν
1024 1977 1177 2075 Πατέρα,
1208 1977 1397 2074 προβαλεῖν

246 2087 424 2187 προβολὰς
452 2091 485 2160 έν
502 2089 653 2192 συζυγίᾳ·
688 2090 748 2162 τόν
777 2089 835 2175 μέν
866 2089 987 2181 Λόγον
1011 2091 1064 2160 καί
1094 2089 1154 2171 τίην
1179 2088 1278 2171 Zeira,
1311 2085 1396 2171 μετὰ

244 2200 287 2272 τὸ
313 2204 554 2299 προβαλέσθαι
580 2202 640 2275 τὸν
656 2200 862 2302 ’Ἄνθρωπον
882 2202 936 2272 καί
962 2202 1022 2284 τὴν
1043 2201 1254 2283 Ἐκκλησίαν,
1273 2198 1398 2275 ἄλλους

243 2413 397 2489 ΑΙοῐΙιὶα..
435 2415 632 2481 sentientem
650 2424 758 2481 autem
775 2416 986 2503 Unigenitum
1003 2416 1087 2480 huno
1102 2415 1136 2478 in
1159 2435 1229 2500 quae
1255 2414 1398 2498 prolatus

243 2522 303 2586 est,
322 2515 461 2579 emisisse
476 2522 510 2580 et
529 2515 632 2599 ipsum
651 2516 763 2602 Logon
785 2524 819 2581 et
842 2517 940 2594 Zoeu,
964 2524 1090 2600 patrem
1111 2513 1251 2578 omnium
1277 2535 1396 2587 eorum,

244 2612 298 2697 qui
320 2622 393 2698 post
420 2637 454 2678 se
479 2613 580 2678 futuri
603 2622 720 2690 essent,
743 2623 777 2680 et
803 2615 928 2682 initium
954 2622 988 2680 et
1013 2613 1236 2678 formationem
1261 2613 1397 2677 universi

245 2711 447 2777 Pleromatis.
500 2713 551 2778 De
570 2713 659 2801 Lego
673 2725 782 2780 autem
798 2723 831 2780 et
846 2716 913 2779 Zoe
931 2714 1078 2779 emissum
1099 2714 1272 2778 secundum
1290 2713 1397 2797 conju-

242 2811 415 2896 gationem,
435 2812 609 2878 Hominem
630 2821 664 2878 et
687 2814 872 2889 Ecclesiam,
899 2822 933 2879 et
957 2836 1025 2879 esse
1047 2813 1130 2878 hano
1153 2811 1397 2898 primogenitam

244 2910 501 2987 Octonationem,
519 2913 658 2978 radicem
679 2922 713 2979 et
736 2913 948 2980 substantiam
970 2912 1120 2988 omnium,
1139 2923 1276 2997 quatuor
1298 2911 1398 2975 nomi-

243 3010 336 3076 nibus
353 3014 438 3098 apud
456 3036 510 3077 eos
527 3020 753 3098 nuncupatam,
768 3014 909 3100 Bython,
927 3021 961 3078 ct
979 3011 1067 3088 Nun,
1086 3018 1120 3076 et
1135 3011 1258 3097 Logon,
1278 3018 1312 3076 et
1330 3011 1397 3074 An-

243 3111 392 3198 thropon.
446 3113 525 3178 Esse
544 3113 628 3179 enim
653 3115 778 3179 illorum
803 3133 1058 3197 unumquemque
1073 3110 1396 3187 masculo-foeminam,

242 3211 298 3287 sic,
317 3213 410 3277 initio
427 3213 639 3299 Propatorem
654 3215 742 3278 illum
760 3213 858 3278 coisse
874 3213 1047 3277 secundum
1060 3209 1316 3297 conjugationem
1333 3231 1398 3274 suae

244 3310 389 3386 Ennoeae,
400 3313 432 3375 id
450 3323 509 3390 est,
529 3312 727 3398 cogitationi,
746 3335 841 3398 quam
859 3311 1007 3377 Gratiam
1024 3319 1057 3375 et
1076 3309 1244 3374 Silentium
1262 3319 1397 3374 vocant:

245 3409 456 3495 Unigenitum
484 3419 602 3488 autem,
627 3411 686 3476 hoo
713 3420 775 3487 est,
805 3411 885 3476 Nun
912 3411 1059 3484 Alethiae,
1086 3409 1119 3474 id
1146 3416 1205 3484 est,
1234 3407 1397 3473 Veritati:

246 3507 356 3594 Logou
377 3516 486 3573 autem
504 3510 589 3584 Ζοιυ,
606 3509 639 3573 id
662 3519 723 3586 est,
743 3510 851 3578 Vitae:
877 3519 909 3576 et
927 3509 1122 3595 Anthropon
1146 3530 1218 3573 oum
1245 3508 1397 3572 Ecclesia.

245 3607 316 3673 Hos
326 3615 435 3673 autem
450 3608 571 3673 AEonas
586 3609 619 3673 in
631 3609 766 3696 gloriam
781 3611 885 3676 Patris
903 3609 1042 3683 emissos,
1055 3608 1195 3673 volentes
1213 3614 1247 3672 et
1260 3607 1345 3693 ipsos
1358 3609 1398 3671 de

243 3729 301 3772 suo
311 3707 486 3773 clarificare
496 3708 639 3786 Patrem,
653 3709 793 3775 emisisse
809 3709 991 3775 emissiones
1010 3708 1042 3771 in
1062 3702 1307 3798 conjugatione,
1338 3706 1399 3771 Lo·

242 3829 306 3894 gon
324 3807 449 3892 quidem
468 3816 502 3874 et
517 3808 607 3874 Zoen
624 3816 833 3895 posteaquam
848 3809 979 3874 emissus
1000 3813 1049 3872 est
1066 3806 1175 3870 Homo
1191 3816 1225 3871 et
1243 3805 1397 3884 Ecclesia,

243 3994 321 4059 Daity
341 3995 361 4043 is
380 3995 470 4060 wholly
489 3996 670 4061 unintelligible
689 3997 739 4045 and
759 3997 794 4045 in·
845 3996 1009 4057 aacmetipw,
1024 3995 1157 4043 Scrutoncm
1172 4000 1192 4042 et
1208 3993 1338 4042 Vitam...
1352 3993 1399 4041 Seu

242 4076 373 4125 scrutable.
408 4076 475 4138 uuis,
490 4094 518 4126 as
535 4078 584 4126 will
602 4078 633 4126 he
649 4094 714 4137 seen,
732 4094 796 4141 garo
846 4077 933 4127 αλσο
954 4076 1040 4126 aeholea
1056 4075 1091 4123 ad
1106 4073 1206 4122 inhiant
1222 4072 1393 4133 univcrsitatis,

242 4158 291 4206 risa
302 4164 328 4207 to
339 4174 407 4207 some
419 4158 448 4207 of
461 4160 504 4208 the
516 4164 581 4208 most
592 4159 709 4223 startling
720 4175 796 4208 asser·
845 4165 866 4208 et
878 4157 984 4220 formati
1006 4155 1033 4220 [l.
1048 4155 1233 4219 scrutationem]
1252 4155 1398 4204 Pleromatis

241 4239 308 4289 tione
319 4238 348 4287 οἱ
356 4239 454 4287 ancient
464 4240 559 4303 heresy.
577 4240 630 4287 The
640 4240 726 4288 readcr
736 4256 795 4304 may
845 4240 916 4288 tetius
926 4239 1018 4287 ειηιζιια.
1048 4253 1068 4286 ι.
1086 4237 1140 4287 rat.
1156 4250 1177 4299 7.

241 4336 356 4384 compare
367 4320 423 4368 that
435 4320 514 4367 which
525 4321 569 4368 has
581 4320 642 4368 been
653 4320 707 4369 said
717 4321 742 4368 in
752 4321 795 4369 the
894 4319 905 4351 ¹
920 4320 973 4368 'ihc
990 4319 1134 4383 archetypal
1153 4319 1207 4368 idea
1219 4319 1248 4367 of
1262 4318 1334 4378 Man,
1349 4319 1399 4365 and

241 4404 368 4468 prelatory
379 4402 489 4450 remarks
500 4418 566 4465 upon
580 4401 706 4451 Basilides.
845 4402 874 4450 ol
885 4402 928 4450 the
940 4401 1039 4449 Church
1057 4401 1086 4449 ol
1099 4400 1226 4448 redeemed
1237 4401 1304 4448 souls
1319 4400 1344 4447 iu
1357 4400 1399 4448 tho

285 4485 295 4516 ¹
314 4485 346 4534 So
357 4485 536 4543 Turonum,
549 4484 604 4532 Nus
617 4482 691 4531 εἰοιιιῐ
705 4482 794 4545 accepit
845 4482 937 4531 Divino
949 4482 1030 4540 Mind,
1050 4485 1075 4530 ἐν
1086 4483 1189 4542 δυνάμει,
1202 4498 1229 4530 as
1240 4482 1283 4530 tha
1295 4481 1400 4530 Gnostic

240 4565 454 4627 probationum
476 4563 583 4626 officim,
608 4563 690 4613 naith
706 4571 726 4612 et
742 4562 793 4626 ipsc
844 4564 927 4614 would
937 4579 989 4628 say,
1003 4569 1047 4612 not
1060 4564 1084 4612 ἐν
1095 4565 1209 4626 ἐνεργείᾳ.
