<?xml version="1.0" encoding="UTF-8"?>
<!DOCTYPE html PUBLIC "-//W3C//DTD XHTML 1.0 Transitional//EN"
    "http://www.w3.org/TR/xhtml1/DTD/xhtml1-transitional.dtd">
<html xmlns="http://www.w3.org/1999/xhtml" xml:lang="en" lang="en">
 <head>
  <title>
</title>
<meta http-equiv="Content-Type" content="text/html;charset=utf-8" />
  <meta name='ocr-system' content='tesseract 3.04.00' />
  <meta name='ocr-capabilities' content='ocr_page ocr_carea ocr_par ocr_line ocrx_word'/>
</head>
<body>
  <div class='ocr_page' id='page_1' title='image "./sanctiirenaeiep01harvgoog_0337.png"; bbox 0 0 2954 4986; ppageno 0'>
   <div class='ocr_carea' id='block_1_1' title="bbox 557 330 1242 400">
    <p class='ocr_par' dir='ltr' id='par_1_1' title="bbox 557 330 1242 400">
     <span class='ocr_line' id='line_1_1' title="bbox 557 330 1242 400; baseline -0.003 -1"><span class='ocrx_word' id='word_1_1' title='bbox 557 347 796 400; x_wconf 78' lang='lat' dir='ltr'><strong>rarasrrnrra.</strong></span> <span class='ocrx_word' id='word_1_2' title='bbox 1179 330 1242 397; x_wconf 86' lang='grc'><strong>117</strong></span> 
     </span>
    </p>
   </div>
   <div class='ocr_carea' id='block_1_2' title="bbox 84 507 1409 606">
    <p class='ocr_par' dir='ltr' id='par_1_2' title="bbox 84 507 1409 606">
     <span class='ocr_line' id='line_1_2' title="bbox 84 507 1409 606; baseline -0.003 -27"><span class='ocrx_word' id='word_1_3' title='bbox 84 519 179 579; x_wconf 90' lang='grc' dir='ltr'>στεῖν</span> <span class='ocrx_word' id='word_1_4' title='bbox 198 509 409 600; x_wconf 78' lang='grc' dir='ltr'>ἐγκελεάετιιι</span> <span class='ocrx_word' id='word_1_5' title='bbox 429 513 645 606; x_wconf 75' lang='grc' dir='ltr'>παρεστῶτος</span> <span class='ocrx_word' id='word_1_6' title='bbox 673 509 782 579; x_wconf 76' lang='grc' dir='ltr'>αὐτοῦ.</span> <span class='ocrx_word' id='word_1_7' title='bbox 824 507 893 578; x_wconf 78' lang='grc' dir='ltr'><strong>Καὶ</strong></span> <span class='ocrx_word' id='word_1_8' title='bbox 914 507 1037 579; x_wconf 73' lang='grc' dir='ltr'>τούτου</span> <span class='ocrx_word' id='word_1_9' title='bbox 1056 509 1240 598; x_wconf 79' lang='grc' dir='ltr'><em>γενομένου,</em></span> <span class='ocrx_word' id='word_1_10' title='bbox 1256 520 1409 605; x_wconf 47' lang='lat' dir='ltr'><strong>Lfflqssf</strong></span> 
     </span>
    </p>
   </div>
   <div class='ocr_carea' id='block_1_3' title="bbox 34 612 1410 721">
    <p class='ocr_par' dir='ltr' id='par_1_3' title="bbox 34 612 1410 721">
     <span class='ocr_line' id='line_1_3' title="bbox 34 612 1410 721; baseline -0.009 -36"><span class='ocrx_word' id='word_1_11' title='bbox 34 648 43 685; x_wconf 85' lang='grc' dir='ltr'>ι</span> <span class='ocrx_word' id='word_1_12' title='bbox 84 621 184 698; x_wconf 63' lang='grc' dir='ltr'>αὐτὸς</span> <span class='ocrx_word' id='word_1_13' title='bbox 202 621 293 692; x_wconf 75' lang='grc' dir='ltr'>ἄλλο</span> <span class='ocrx_word' id='word_1_14' title='bbox 311 625 475 719; x_wconf 73' lang='grc' dir='ltr'>ποτήριον</span> <span class='ocrx_word' id='word_1_15' title='bbox 493 624 613 710; x_wconf 74' lang='grc' dir='ltr'>πολλῷ</span> <span class='ocrx_word' id='word_1_16' title='bbox 631 619 746 721; x_wconf 75' lang='grc' dir='ltr'>μεῖζον</span> <span class='ocrx_word' id='word_1_17' title='bbox 764 621 891 704; x_wconf 84' lang='grc' dir='ltr'>ε’κειύου,</span> <span class='ocrx_word' id='word_1_18' title='bbox 920 623 993 701; x_wconf 66' lang='lat' dir='ltr'><strong>oriri</strong></span> <span class='ocrx_word' id='word_1_19' title='bbox 1013 616 1241 714; x_wconf 69' lang='grc' dir='ltr'>ἐξηπατημέμη</span> <span class='ocrx_word' id='word_1_20' title='bbox 1256 612 1410 698; x_wconf 46' lang='grc' dir='ltr'><strong>ΜᾸΒἏΜΜ</strong></span> 
     </span>
    </p>
   </div>
   <div class='ocr_carea' id='block_1_4' title="bbox 45 728 1405 1502">
    <p class='ocr_par' dir='ltr' id='par_1_4' title="bbox 45 728 1405 1502">
     <span class='ocr_line' id='line_1_4' title="bbox 82 728 1405 839; baseline 0.002 -36"><span class='ocrx_word' id='word_1_21' title='bbox 82 734 317 832; x_wconf 80' lang='grc' dir='ltr'>εὖχορίστησε,</span> <span class='ocrx_word' id='word_1_22' title='bbox 342 733 579 832; x_wconf 77' lang='grc' dir='ltr'>προσενεγκὼν,</span> <span class='ocrx_word' id='word_1_23' title='bbox 610 729 692 839; x_wconf 77' lang='lat' dir='ltr'><strong>[lut.</strong></span> <span class='ocrx_word' id='word_1_24' title='bbox 723 732 937 832; x_wconf 76' lang='grc' dir='ltr'>προενεγκῶν.</span> <span class='ocrx_word' id='word_1_25' title='bbox 967 742 1066 829; x_wconf 65' lang='grc' dir='ltr'>Ηιρρ.</span> <span class='ocrx_word' id='word_1_26' title='bbox 1091 728 1240 838; x_wconf 79' lang='grc' dir='ltr'>κρατῶν]</span> <span class='ocrx_word' id='word_1_27' title='bbox 1257 737 1405 747; x_wconf 54' lang='lat'><strong>‘’⁸&#39;—</strong></span> 
     </span>
     <span class='ocr_line' id='line_1_5' title="bbox 80 843 1241 946; baseline 0.003 -31"><span class='ocrx_word' id='word_1_28' title='bbox 80 847 136 916; x_wconf 77' lang='grc' dir='ltr'><strong>καὶ</strong></span> <span class='ocrx_word' id='word_1_29' title='bbox 154 847 384 929; x_wconf 83' lang='grc' dir='ltr'>μετακενῶσας</span> <span class='ocrx_word' id='word_1_30' title='bbox 411 843 479 915; x_wconf 78' lang='lat' dir='ltr'><strong>(ind</strong></span> <span class='ocrx_word' id='word_1_31' title='bbox 503 851 567 917; x_wconf 78' lang='grc' dir='ltr'><strong>τοῦ</strong></span> <span class='ocrx_word' id='word_1_32' title='bbox 590 846 799 946; x_wconf 74' lang='grc' dir='ltr'>μικροτέρου,</span> <span class='ocrx_word' id='word_1_33' title='bbox 823 853 885 916; x_wconf 80' lang='grc' dir='ltr'><strong>τοῦ</strong></span> <span class='ocrx_word' id='word_1_34' title='bbox 909 844 973 916; x_wconf 77' lang='grc' dir='ltr'><strong>ὑπὸ</strong></span> <span class='ocrx_word' id='word_1_35' title='bbox 1002 855 1061 929; x_wconf 76' lang='grc' dir='ltr'>τῆς</span> <span class='ocrx_word' id='word_1_36' title='bbox 1090 846 1241 937; x_wconf 78' lang='grc' dir='ltr'>γυναικὸς</span> 
     </span>
     <span class='ocr_line' id='line_1_6' title="bbox 83 953 1241 1064; baseline 0.002 -36"><span class='ocrx_word' id='word_1_37' title='bbox 83 959 377 1056; x_wconf 82' lang='grc' dir='ltr'>ηὖχαριστημένου,</span> <span class='ocrx_word' id='word_1_38' title='bbox 394 960 436 1034; x_wconf 77' lang='grc' dir='ltr'><strong>εἷς</strong></span> <span class='ocrx_word' id='word_1_39' title='bbox 452 956 495 1029; x_wconf 83' lang='grc' dir='ltr'>τά</span> <span class='ocrx_word' id='word_1_40' title='bbox 513 960 567 1028; x_wconf 79' lang='grc' dir='ltr'><strong>ὑπ’</strong></span> <span class='ocrx_word' id='word_1_41' title='bbox 580 960 682 1030; x_wconf 73' lang='grc' dir='ltr'>αὐτοῦ</span> <span class='ocrx_word' id='word_1_42' title='bbox 694 958 934 1040; x_wconf 76' lang='grc' dir='ltr'>κεκοσμημένον</span> <span class='ocrx_word' id='word_1_43' title='bbox 952 953 1032 1064; x_wconf 76' lang='lat' dir='ltr'><strong>[Ine.</strong></span> <span class='ocrx_word' id='word_1_44' title='bbox 1048 962 1241 1043; x_wconf 79' lang='grc' dir='ltr'>κεκομισμέ-</span> 
     </span>
     <span class='ocr_line' id='line_1_7' title="bbox 84 1065 1240 1174; baseline 0.003 -34"><span class='ocrx_word' id='word_1_45' title='bbox 84 1065 171 1174; x_wconf 76' lang='grc' dir='ltr'>νον],</span> <span class='ocrx_word' id='word_1_46' title='bbox 185 1072 351 1162; x_wconf 73' lang='grc' dir='ltr'>ἐπιλέγων</span> <span class='ocrx_word' id='word_1_47' title='bbox 368 1069 437 1154; x_wconf 79' lang='grc' dir='ltr'><strong>ἅμα</strong></span> <span class='ocrx_word' id='word_1_48' title='bbox 457 1069 568 1148; x_wconf 71' lang='grc' dir='ltr'>οὕτως·</span> <span class='ocrx_word' id='word_1_49' title='bbox 600 1072 646 1141; x_wconf 89' lang='grc' dir='ltr'><strong><em>Ἡ</em></strong></span> <span class='ocrx_word' id='word_1_50' title='bbox 663 1069 731 1169; x_wconf 83' lang='grc' dir='ltr'><strong>πρά</strong></span> <span class='ocrx_word' id='word_1_51' title='bbox 749 1075 814 1142; x_wconf 78' lang='grc' dir='ltr'><strong>τῶν</strong></span> <span class='ocrx_word' id='word_1_52' title='bbox 835 1071 929 1155; x_wconf 83' lang='grc' dir='ltr'>ὅλων,</span> <span class='ocrx_word' id='word_1_53' title='bbox 946 1075 964 1152; x_wconf 81' lang='grc' dir='ltr'><em>ἡ</em></span> <span class='ocrx_word' id='word_1_54' title='bbox 979 1073 1168 1154; x_wconf 76' lang='grc' dir='ltr'>ἀνεννόητος</span> <span class='ocrx_word' id='word_1_55' title='bbox 1187 1073 1240 1143; x_wconf 74' lang='grc' dir='ltr'><strong>καὶ</strong></span> 
     </span>
     <span class='ocr_line' id='line_1_8' title="bbox 45 1180 1238 1282; baseline 0 -28"><span class='ocrx_word' id='word_1_56' title='bbox 45 1236 50 1244; x_wconf 85' lang='lat'><em>·</em></span> <span class='ocrx_word' id='word_1_57' title='bbox 83 1182 230 1281; x_wconf 82' lang='grc' dir='ltr'>άρῤητος</span> <span class='ocrx_word' id='word_1_58' title='bbox 247 1180 358 1282; x_wconf 85' lang='grc' dir='ltr'>Χάρις</span> <span class='ocrx_word' id='word_1_59' title='bbox 372 1184 546 1282; x_wconf 81' lang='grc' dir='ltr'>πληρώσαι</span> <span class='ocrx_word' id='word_1_60' title='bbox 566 1215 628 1255; x_wconf 93' lang='grc' dir='ltr'>σου</span> <span class='ocrx_word' id='word_1_61' title='bbox 647 1182 708 1256; x_wconf 84' lang='grc' dir='ltr'><strong>τὸν</strong></span> <span class='ocrx_word' id='word_1_62' title='bbox 728 1184 793 1252; x_wconf 80' lang='grc' dir='ltr'><strong>ἔσω</strong></span> <span class='ocrx_word' id='word_1_63' title='bbox 810 1182 992 1282; x_wconf 79' lang='grc' dir='ltr'>ἄνθρωπον,</span> <span class='ocrx_word' id='word_1_64' title='bbox 1006 1185 1058 1256; x_wconf 76' lang='grc' dir='ltr'><strong>καὶ</strong></span> <span class='ocrx_word' id='word_1_65' title='bbox 1079 1186 1238 1266; x_wconf 80' lang='grc' dir='ltr'>πληθάναι</span> 
     </span>
     <span class='ocr_line' id='line_1_9' title="bbox 83 1295 1237 1392; baseline 0.002 -28"><span class='ocrx_word' id='word_1_66' title='bbox 83 1297 116 1364; x_wconf 83' lang='grc' dir='ltr'>ἐν</span> <span class='ocrx_word' id='word_1_67' title='bbox 147 1296 204 1367; x_wconf 75' lang='grc' dir='ltr'>σοί</span> <span class='ocrx_word' id='word_1_68' title='bbox 235 1296 294 1379; x_wconf 69' lang='grc' dir='ltr'><strong>τὴν</strong></span> <span class='ocrx_word' id='word_1_69' title='bbox 321 1299 442 1387; x_wconf 78' lang='grc' dir='ltr'>γνῶσιν</span> <span class='ocrx_word' id='word_1_70' title='bbox 471 1296 576 1379; x_wconf 72' lang='grc' dir='ltr'>αὐτῆς,</span> <span class='ocrx_word' id='word_1_71' title='bbox 607 1295 922 1392; x_wconf 84' lang='grc' dir='ltr'>ε’γκατασπεῖρουσα</span> <span class='ocrx_word' id='word_1_72' title='bbox 948 1295 1009 1368; x_wconf 80' lang='grc' dir='ltr'><strong>τὸν</strong></span> <span class='ocrx_word' id='word_1_73' title='bbox 1034 1299 1149 1369; x_wconf 91' lang='grc' dir='ltr'>κόκκον</span> <span class='ocrx_word' id='word_1_74' title='bbox 1174 1302 1237 1368; x_wconf 81' lang='grc' dir='ltr'><strong>τοῦ</strong></span> 
     </span>
     <span class='ocr_line' id='line_1_10' title="bbox 82 1404 1237 1502; baseline 0.002 -24"><span class='ocrx_word' id='word_1_75' title='bbox 82 1404 246 1484; x_wconf 73' lang='grc' dir='ltr'>σινάπεως</span> <span class='ocrx_word' id='word_1_76' title='bbox 271 1411 316 1484; x_wconf 78' lang='grc' dir='ltr'><strong>εἷς</strong></span> <span class='ocrx_word' id='word_1_77' title='bbox 340 1409 400 1491; x_wconf 69' lang='grc' dir='ltr'><strong>τὴν</strong></span> <span class='ocrx_word' id='word_1_78' title='bbox 426 1407 555 1498; x_wconf 71' lang='grc' dir='ltr'>άγαθῆν</span> <span class='ocrx_word' id='word_1_79' title='bbox 582 1419 652 1502; x_wconf 72' lang='grc' dir='ltr'>γῆν.</span> <span class='ocrx_word' id='word_1_80' title='bbox 693 1407 763 1477; x_wconf 77' lang='lat' dir='ltr'><strong>Kal</strong></span> <span class='ocrx_word' id='word_1_81' title='bbox 791 1405 932 1479; x_wconf 78' lang='grc' dir='ltr'>τοιαῦτά</span> <span class='ocrx_word' id='word_1_82' title='bbox 956 1441 1030 1480; x_wconf 89' lang='grc' dir='ltr'>τινα</span> <span class='ocrx_word' id='word_1_83' title='bbox 1053 1410 1159 1493; x_wconf 78' lang='grc' dir='ltr'>εἰπὼν,</span> <span class='ocrx_word' id='word_1_84' title='bbox 1184 1411 1237 1481; x_wconf 76' lang='grc' dir='ltr'><strong>καὶ</strong></span> 
     </span>
    </p>
   </div>
   <div class='ocr_carea' id='block_1_5' title="bbox 82 1514 1238 1625">
    <p class='ocr_par' dir='ltr' id='par_1_5' title="bbox 82 1514 1238 1625">
     <span class='ocr_line' id='line_1_11' title="bbox 82 1514 1238 1625; baseline 0.003 -36"><span class='ocrx_word' id='word_1_85' title='bbox 82 1519 306 1620; x_wconf 77' lang='grc' dir='ltr'>ἕξοιστρῆσας</span> <span class='ocrx_word' id='word_1_86' title='bbox 339 1515 523 1625; x_wconf 76' lang='grc' dir='ltr'>[ἕκστῆσας</span> <span class='ocrx_word' id='word_1_87' title='bbox 553 1514 701 1625; x_wconf 59' lang='grc' dir='ltr'><strong>Ῑῖίμμθῖι]</strong></span> <span class='ocrx_word' id='word_1_88' title='bbox 732 1519 792 1602; x_wconf 72' lang='grc' dir='ltr'><strong>την</strong></span> <span class='ocrx_word' id='word_1_89' title='bbox 820 1522 1045 1619; x_wconf 78' lang='grc' dir='ltr'>ταλαίπωρον,</span> <span class='ocrx_word' id='word_1_90' title='bbox 1070 1526 1238 1607; x_wconf 85' lang='grc' dir='ltr'>θαυματο-</span> 
     </span>
    </p>
   </div>
   <div class='ocr_carea' id='block_1_6' title="bbox 82 1611 1239 1732">
    <p class='ocr_par' dir='ltr' id='par_1_6' title="bbox 82 1611 1239 1732">
     <span class='ocr_line' id='line_1_12' title="bbox 82 1611 1239 1732; baseline 0.003 -31"><span class='ocrx_word' id='word_1_91' title='bbox 82 1636 180 1709; x_wconf 81' lang='grc' dir='ltr'>ποιὸς</span> <span class='ocrx_word' id='word_1_92' title='bbox 212 1629 365 1732; x_wconf 79' lang='grc' dir='ltr'>ἀνεφάνη,</span> <span class='ocrx_word' id='word_1_93' title='bbox 404 1638 467 1704; x_wconf 74' lang='grc' dir='ltr'><strong>τοῦ</strong></span> <span class='ocrx_word' id='word_1_94' title='bbox 502 1611 655 1723; x_wconf 57' lang='grc' dir='ltr'><strong>μεγόίίθυ</strong></span> <span class='ocrx_word' id='word_1_95' title='bbox 690 1634 921 1730; x_wconf 78' lang='grc' dir='ltr'>πληρωθέντος</span> <span class='ocrx_word' id='word_1_96' title='bbox 960 1634 993 1703; x_wconf 92' lang='grc' dir='ltr'><strong>ε’κ</strong></span> <span class='ocrx_word' id='word_1_97' title='bbox 1027 1641 1089 1706; x_wconf 81' lang='grc' dir='ltr'><strong>τοῦ</strong></span> <span class='ocrx_word' id='word_1_98' title='bbox 1121 1641 1239 1732; x_wconf 83' lang='grc' dir='ltr'>μικροῦ</span> 
     </span>
    </p>
   </div>
   <div class='ocr_carea' id='block_1_7' title="bbox 82 1739 1238 2180">
    <p class='ocr_par' dir='ltr' id='par_1_7' title="bbox 82 1739 1238 2180">
     <span class='ocr_line' id='line_1_13' title="bbox 82 1739 1236 1844; baseline 0.001 -29"><span class='ocrx_word' id='word_1_99' title='bbox 82 1746 256 1843; x_wconf 79' lang='grc' dir='ltr'>ποτηρίου,</span> <span class='ocrx_word' id='word_1_100' title='bbox 277 1743 436 1816; x_wconf 75' lang='grc' dir='ltr'>ὥστεκαὶ</span> <span class='ocrx_word' id='word_1_101' title='bbox 459 1739 711 1844; x_wconf 64' lang='grc' dir='ltr'>ὑπερεκχθῖσθιιι</span> <span class='ocrx_word' id='word_1_102' title='bbox 734 1742 772 1837; x_wconf 77' lang='grc' dir='ltr'><strong>ἕξ</strong></span> <span class='ocrx_word' id='word_1_103' title='bbox 796 1745 907 1815; x_wconf 76' lang='grc' dir='ltr'>αὑτοῦ.</span> <span class='ocrx_word' id='word_1_104' title='bbox 949 1745 1019 1816; x_wconf 75' lang='lat' dir='ltr'><strong>Kal</strong></span> <span class='ocrx_word' id='word_1_105' title='bbox 1046 1747 1136 1817; x_wconf 86' lang='grc' dir='ltr'>άλλα</span> <span class='ocrx_word' id='word_1_106' title='bbox 1161 1778 1236 1817; x_wconf 87' lang='grc' dir='ltr'>τινα</span> 
     </span>
     <span class='ocr_line' id='line_1_14' title="bbox 82 1854 1238 1955; baseline 0 -27"><span class='ocrx_word' id='word_1_107' title='bbox 82 1860 218 1934; x_wconf 76' lang='grc' dir='ltr'>τούτοις</span> <span class='ocrx_word' id='word_1_108' title='bbox 254 1862 477 1955; x_wconf 78' lang='grc' dir='ltr'>παραπλήσια</span> <span class='ocrx_word' id='word_1_109' title='bbox 511 1862 613 1927; x_wconf 61' lang='grc' dir='ltr'><strong>ποιῶ]ί</strong></span> <span class='ocrx_word' id='word_1_110' title='bbox 650 1854 840 1950; x_wconf 76' lang='grc' dir='ltr'>ἐξηπάτησε</span> <span class='ocrx_word' id='word_1_111' title='bbox 870 1859 1026 1943; x_wconf 72' lang='grc' dir='ltr'>πολλοὺς,</span> <span class='ocrx_word' id='word_1_112' title='bbox 1063 1859 1116 1929; x_wconf 76' lang='grc' dir='ltr'><strong>καί</strong></span> <span class='ocrx_word' id='word_1_113' title='bbox 1151 1860 1238 1928; x_wconf 83' lang='grc' dir='ltr'>άπα-</span> 
     </span>
     <span class='ocr_line' id='line_1_15' title="bbox 83 1967 1237 2070; baseline 0.001 -30"><span class='ocrx_word' id='word_1_114' title='bbox 83 1976 210 2066; x_wconf 78' lang='grc' dir='ltr'>γῆοχεν</span> <span class='ocrx_word' id='word_1_115' title='bbox 224 1970 331 2040; x_wconf 80' lang='grc' dir='ltr'>ὀπίσω</span> <span class='ocrx_word' id='word_1_116' title='bbox 344 1973 453 2041; x_wconf 76' lang='grc' dir='ltr'>αὑτοῦ.</span> <span class='ocrx_word' id='word_1_117' title='bbox 484 1968 586 2044; x_wconf 74' lang='grc' dir='ltr'>Εἰκὸς</span> <span class='ocrx_word' id='word_1_118' title='bbox 601 1967 636 2038; x_wconf 69' lang='lat' dir='ltr'><strong>di</strong></span> <span class='ocrx_word' id='word_1_119' title='bbox 651 1968 751 2040; x_wconf 76' lang='grc' dir='ltr'>αὑτὸν</span> <span class='ocrx_word' id='word_1_120' title='bbox 763 1970 816 2038; x_wconf 76' lang='grc' dir='ltr'><strong>καὶ</strong></span> <span class='ocrx_word' id='word_1_121' title='bbox 831 1967 968 2051; x_wconf 74' lang='grc' dir='ltr'>δαίμονά</span> <span class='ocrx_word' id='word_1_122' title='bbox 982 2004 1057 2043; x_wconf 88' lang='grc' dir='ltr'>τινα</span> <span class='ocrx_word' id='word_1_123' title='bbox 1073 1969 1237 2070; x_wconf 74' lang='grc' dir='ltr'>πάρεδρον</span> 
     </span>
     <span class='ocr_line' id='line_1_16' title="bbox 83 2080 1236 2180; baseline 0.001 -27"><span class='ocrx_word' id='word_1_124' title='bbox 83 2085 181 2178; x_wconf 78' lang='grc' dir='ltr'>ἔχειν,</span> <span class='ocrx_word' id='word_1_125' title='bbox 215 2080 254 2152; x_wconf 76' lang='grc' dir='ltr'>δι’</span> <span class='ocrx_word' id='word_1_126' title='bbox 284 2082 325 2154; x_wconf 69' lang='grc' dir='ltr'>οὖ</span> <span class='ocrx_word' id='word_1_127' title='bbox 353 2083 452 2157; x_wconf 81' lang='grc' dir='ltr'>αὖτάς</span> <span class='ocrx_word' id='word_1_128' title='bbox 480 2114 520 2153; x_wconf 90' lang='grc' dir='ltr'><strong>τε</strong></span> <span class='ocrx_word' id='word_1_129' title='bbox 548 2083 793 2180; x_wconf 76' lang='grc' dir='ltr'><strong>Ῑπροφητεύειν</strong></span> <span class='ocrx_word' id='word_1_130' title='bbox 823 2080 918 2166; x_wconf 75' lang='grc' dir='ltr'>δοκεῖ,</span> <span class='ocrx_word' id='word_1_131' title='bbox 948 2086 1000 2155; x_wconf 79' lang='grc' dir='ltr'><strong>καὶ</strong></span> <span class='ocrx_word' id='word_1_132' title='bbox 1032 2087 1113 2161; x_wconf 85' lang='grc' dir='ltr'>ὅσας</span> <span class='ocrx_word' id='word_1_133' title='bbox 1142 2083 1236 2179; x_wconf 78' lang='grc' dir='ltr'>άξίας</span> 
     </span>
    </p>
   </div>
   <div class='ocr_carea' id='block_1_8' title="bbox 81 2242 1399 3626">
    <p class='ocr_par' dir='ltr' id='par_1_8' title="bbox 81 2242 1399 3626">
     <span class='ocr_line' id='line_1_17' title="bbox 81 2242 1237 2331; baseline 0.001 -22"><span class='ocrx_word' id='word_1_134' title='bbox 81 2267 178 2330; x_wconf 84' lang='lat' dir='ltr'><strong>agere</strong></span> <span class='ocrx_word' id='word_1_135' title='bbox 198 2246 292 2330; x_wconf 89' lang='lat' dir='ltr'><strong>jubet</strong></span> <span class='ocrx_word' id='word_1_136' title='bbox 318 2251 476 2330; x_wconf 77' lang='lat' dir='ltr'><strong>praesente</strong></span> <span class='ocrx_word' id='word_1_137' title='bbox 501 2266 544 2308; x_wconf 86' lang='lat' dir='ltr'><strong>se.</strong></span> <span class='ocrx_word' id='word_1_138' title='bbox 597 2243 643 2308; x_wconf 89' lang='lat' dir='ltr'><strong>Et</strong></span> <span class='ocrx_word' id='word_1_139' title='bbox 666 2242 721 2307; x_wconf 89' lang='lat' dir='ltr'><strong>ubi</strong></span> <span class='ocrx_word' id='word_1_140' title='bbox 747 2243 807 2307; x_wconf 91' lang='lat' dir='ltr'><strong>hoo</strong></span> <span class='ocrx_word' id='word_1_141' title='bbox 833 2243 953 2309; x_wconf 83' lang='lat' dir='ltr'><strong>factum</strong></span> <span class='ocrx_word' id='word_1_142' title='bbox 979 2255 1037 2324; x_wconf 83' lang='lat' dir='ltr'><strong>est,</strong></span> <span class='ocrx_word' id='word_1_143' title='bbox 1056 2247 1123 2331; x_wconf 83' lang='lat' dir='ltr'><strong>ipse</strong></span> <span class='ocrx_word' id='word_1_144' title='bbox 1140 2246 1237 2310; x_wconf 89' lang='lat' dir='ltr'><strong>alium</strong></span> 
     </span>
     <span class='ocr_line' id='line_1_18' title="bbox 82 2342 1237 2428; baseline 0.001 -20"><span class='ocrx_word' id='word_1_145' title='bbox 82 2345 211 2409; x_wconf 76' lang='lat' dir='ltr'>calicem</span> <span class='ocrx_word' id='word_1_146' title='bbox 231 2344 332 2409; x_wconf 91' lang='lat' dir='ltr'><strong>multo</strong></span> <span class='ocrx_word' id='word_1_147' title='bbox 349 2343 503 2428; x_wconf 89' lang='lat' dir='ltr'><strong>majorem</strong></span> <span class='ocrx_word' id='word_1_148' title='bbox 521 2364 615 2428; x_wconf 94' lang='lat' dir='ltr'><strong>quam</strong></span> <span class='ocrx_word' id='word_1_149' title='bbox 629 2351 678 2406; x_wconf 84' lang='lat' dir='ltr'><strong>est</strong></span> <span class='ocrx_word' id='word_1_150' title='bbox 693 2343 754 2418; x_wconf 85' lang='lat' dir='ltr'><strong>ille,</strong></span> <span class='ocrx_word' id='word_1_151' title='bbox 772 2342 803 2406; x_wconf 96' lang='lat' dir='ltr'><strong>in</strong></span> <span class='ocrx_word' id='word_1_152' title='bbox 822 2365 884 2426; x_wconf 93' lang='lat' dir='ltr'><strong>quo</strong></span> <span class='ocrx_word' id='word_1_153' title='bbox 898 2344 951 2408; x_wconf 89' lang='lat' dir='ltr'><strong>illa</strong></span> <span class='ocrx_word' id='word_1_154' title='bbox 967 2347 1099 2411; x_wconf 81' lang='lat' dir='ltr'><strong>seducta</strong></span> <span class='ocrx_word' id='word_1_155' title='bbox 1113 2345 1237 2409; x_wconf 77' lang='lat' dir='ltr'><strong>Euoha</strong></span> 
     </span>
     <span class='ocr_line' id='line_1_19' title="bbox 82 2435 1237 2537; baseline 0.001 -29"><span class='ocrx_word' id='word_1_156' title='bbox 82 2445 207 2509; x_wconf 84' lang='lat' dir='ltr'><strong>ristiam</strong></span> <span class='ocrx_word' id='word_1_157' title='bbox 225 2444 303 2509; x_wconf 83' lang='lat' dir='ltr'><strong>faoit</strong></span> <span class='ocrx_word' id='word_1_158' title='bbox 323 2435 449 2537; x_wconf 83' lang='lat' dir='ltr'><strong>[lecit]‚</strong></span> <span class='ocrx_word' id='word_1_159' title='bbox 460 2443 632 2527; x_wconf 83' lang='lat' dir='ltr'><strong>proferens,</strong></span> <span class='ocrx_word' id='word_1_160' title='bbox 644 2454 678 2506; x_wconf 89' lang='lat' dir='ltr'><strong>et</strong></span> <span class='ocrx_word' id='word_1_161' title='bbox 695 2443 921 2507; x_wconf 80' lang='lat' dir='ltr'>transfundens</span> <span class='ocrx_word' id='word_1_162' title='bbox 938 2468 957 2508; x_wconf 93' lang='lat' dir='ltr'><strong>a</strong></span> <span class='ocrx_word' id='word_1_163' title='bbox 975 2445 1097 2522; x_wconf 83' lang='lat' dir='ltr'><strong>minori,</strong></span> <span class='ocrx_word' id='word_1_164' title='bbox 1117 2445 1169 2530; x_wconf 93' lang='lat' dir='ltr'><strong>qui</strong></span> <span class='ocrx_word' id='word_1_165' title='bbox 1188 2454 1237 2509; x_wconf 80' lang='lat' dir='ltr'><strong>eet</strong></span> 
     </span>
     <span class='ocr_line' id='line_1_20' title="bbox 82 2541 1237 2627; baseline 0.001 -20"><span class='ocrx_word' id='word_1_166' title='bbox 82 2565 102 2607; x_wconf 89' lang='lat' dir='ltr'><strong>a</strong></span> <span class='ocrx_word' id='word_1_167' title='bbox 122 2544 255 2608; x_wconf 88' lang='lat' dir='ltr'><strong>muliere</strong></span> <span class='ocrx_word' id='word_1_168' title='bbox 279 2543 509 2607; x_wconf 77' lang='lat' dir='ltr'><strong>²Eucharistiae</strong></span> <span class='ocrx_word' id='word_1_169' title='bbox 531 2544 643 2614; x_wconf 81' lang='lat' dir='ltr'><strong>faetus,</strong></span> <span class='ocrx_word' id='word_1_170' title='bbox 672 2541 705 2604; x_wconf 92' lang='lat' dir='ltr'><strong>in</strong></span> <span class='ocrx_word' id='word_1_171' title='bbox 733 2542 821 2604; x_wconf 91' lang='lat' dir='ltr'><strong>illum</strong></span> <span class='ocrx_word' id='word_1_172' title='bbox 842 2544 895 2627; x_wconf 92' lang='lat' dir='ltr'><strong>qui</strong></span> <span class='ocrx_word' id='word_1_173' title='bbox 921 2555 971 2610; x_wconf 86' lang='lat' dir='ltr'><strong>est</strong></span> <span class='ocrx_word' id='word_1_174' title='bbox 995 2548 1036 2609; x_wconf 90' lang='lat' dir='ltr'><strong>ab</strong></span> <span class='ocrx_word' id='word_1_175' title='bbox 1064 2568 1102 2609; x_wconf 91' lang='lat' dir='ltr'><strong>eo</strong></span> <span class='ocrx_word' id='word_1_176' title='bbox 1122 2545 1237 2609; x_wconf 76' lang='lat' dir='ltr'><strong>allatus</strong></span> 
     </span>
     <span class='ocr_line' id='line_1_21' title="bbox 83 2641 1399 2729; baseline -0.002 -22"><span class='ocrx_word' id='word_1_177' title='bbox 83 2643 212 2725; x_wconf 71' lang='lat' dir='ltr'><strong>&#39;lmulto</strong></span> <span class='ocrx_word' id='word_1_178' title='bbox 234 2643 410 2728; x_wconf 82' lang='lat' dir='ltr'><strong>majorem),</strong></span> <span class='ocrx_word' id='word_1_179' title='bbox 432 2642 543 2706; x_wconf 82' lang='lat' dir='ltr'><strong>statim</strong></span> <span class='ocrx_word' id='word_1_180' title='bbox 570 2642 677 2705; x_wconf 81' lang='lat' dir='ltr'><strong>dicens</strong></span> <span class='ocrx_word' id='word_1_181' title='bbox 701 2641 766 2705; x_wconf 85' lang='lat' dir='ltr'><strong>ita:</strong></span> <span class='ocrx_word' id='word_1_182' title='bbox 793 2643 860 2706; x_wconf 87' lang='grc' dir='ltr'>Ῑίίιι</span> <span class='ocrx_word' id='word_1_183' title='bbox 883 2667 952 2729; x_wconf 84' lang='lat' dir='ltr'><strong>quoe</strong></span> <span class='ocrx_word' id='word_1_184' title='bbox 973 2655 1016 2709; x_wconf 81' lang='lat' dir='ltr'><strong>eat</strong></span> <span class='ocrx_word' id='word_1_185' title='bbox 1036 2655 1106 2710; x_wconf 82' lang='lat' dir='ltr'><strong>ente</strong></span> <span class='ocrx_word' id='word_1_186' title='bbox 1123 2646 1235 2716; x_wconf 80' lang='grc' dir='ltr'>ονιιιὶο,</span> <span class='ocrx_word' id='word_1_187' title='bbox 1256 2667 1399 2707; x_wconf 60' lang='grc' dir='ltr'>μοιμοι.</span> 
     </span>
     <span class='ocr_line' id='line_1_22' title="bbox 81 2741 1236 2828; baseline 0.002 -20"><span class='ocrx_word' id='word_1_188' title='bbox 81 2742 327 2828; x_wconf 72' lang='lat' dir='ltr'><strong>inereoyitabilie</strong></span> <span class='ocrx_word' id='word_1_189' title='bbox 341 2751 369 2806; x_wconf 80' lang='lat' dir='ltr'><strong>et</strong></span> <span class='ocrx_word' id='word_1_190' title='bbox 385 2741 607 2806; x_wconf 68' lang='lat' dir='ltr'><strong>inenarrabilia</strong></span> <span class='ocrx_word' id='word_1_191' title='bbox 619 2742 738 2826; x_wconf 74' lang='lat' dir='ltr'><strong>qratia,</strong></span> <span class='ocrx_word' id='word_1_192' title='bbox 757 2741 926 2827; x_wconf 81' lang='lat' dir='ltr'><strong>adimpleat</strong></span> <span class='ocrx_word' id='word_1_193' title='bbox 941 2754 1027 2809; x_wconf 79' lang='lat' dir='ltr'><strong>tanna</strong></span> <span class='ocrx_word' id='word_1_194' title='bbox 1044 2747 1127 2810; x_wconf 80' lang='lat' dir='ltr'><strong>intur</strong></span> <span class='ocrx_word' id='word_1_195' title='bbox 1143 2746 1236 2810; x_wconf 77' lang='lat' dir='ltr'><strong>lomi·</strong></span> 
     </span>
     <span class='ocr_line' id='line_1_23' title="bbox 82 2842 1236 2929; baseline 0.001 -22"><span class='ocrx_word' id='word_1_196' title='bbox 82 2865 157 2917; x_wconf 83' lang='lat' dir='ltr'><strong>nem,</strong></span> <span class='ocrx_word' id='word_1_197' title='bbox 182 2854 211 2906; x_wconf 83' lang='lat' dir='ltr'><strong>et</strong></span> <span class='ocrx_word' id='word_1_198' title='bbox 238 2842 419 2928; x_wconf 79' lang='lat' dir='ltr'><strong>multiplicet</strong></span> <span class='ocrx_word' id='word_1_199' title='bbox 444 2842 479 2905; x_wconf 79' lang='lat' dir='ltr'><strong>in</strong></span> <span class='ocrx_word' id='word_1_200' title='bbox 503 2850 530 2905; x_wconf 81' lang='lat' dir='ltr'><strong>te</strong></span> <span class='ocrx_word' id='word_1_201' title='bbox 554 2842 738 2927; x_wconf 73' lang='lat' dir='ltr'><strong>apaitionem</strong></span> <span class='ocrx_word' id='word_1_202' title='bbox 763 2863 862 2914; x_wconf 81' lang='lat' dir='ltr'><strong>auam,</strong></span> <span class='ocrx_word' id='word_1_203' title='bbox 892 2845 1077 2910; x_wconf 68' lang='lat' dir='ltr'><strong>inseminare</strong></span> <span class='ocrx_word' id='word_1_204' title='bbox 1099 2867 1236 2929; x_wconf 66' lang='lat' dir='ltr'><strong>prunum</strong></span> 
     </span>
     <span class='ocr_line' id='line_1_24' title="bbox 82 2941 1236 3029; baseline -0.002 -22"><span class='ocrx_word' id='word_1_205' title='bbox 82 2943 204 3029; x_wconf 67' lang='grc' dir='ltr'>εἰοοριζι</span> <span class='ocrx_word' id='word_1_206' title='bbox 220 2943 255 3007; x_wconf 84' lang='lat' dir='ltr'><strong>in</strong></span> <span class='ocrx_word' id='word_1_207' title='bbox 272 2944 381 3007; x_wconf 79' lang='lat' dir='ltr'><strong>bonnm</strong></span> <span class='ocrx_word' id='word_1_208' title='bbox 403 2950 526 3005; x_wconf 84' lang='lat' dir='ltr'><strong>terram.</strong></span> <span class='ocrx_word' id='word_1_209' title='bbox 579 2941 625 3004; x_wconf 88' lang='lat' dir='ltr'><strong>Et</strong></span> <span class='ocrx_word' id='word_1_210' title='bbox 646 2941 725 3004; x_wconf 86' lang='lat' dir='ltr'><strong>talia</strong></span> <span class='ocrx_word' id='word_1_211' title='bbox 753 2942 899 3023; x_wconf 86' lang='lat' dir='ltr'><strong>quaedam</strong></span> <span class='ocrx_word' id='word_1_212' title='bbox 926 2943 1042 3014; x_wconf 83' lang='lat' dir='ltr'><strong>dicens,</strong></span> <span class='ocrx_word' id='word_1_213' title='bbox 1067 2952 1101 3006; x_wconf 91' lang='lat' dir='ltr'><strong>et</strong></span> <span class='ocrx_word' id='word_1_214' title='bbox 1131 2945 1163 3006; x_wconf 92' lang='lat' dir='ltr'><strong>iu</strong></span> <span class='ocrx_word' id='word_1_215' title='bbox 1191 2944 1236 3006; x_wconf 92' lang='lat' dir='ltr'><strong>in-</strong></span> 
     </span>
     <span class='ocr_line' id='line_1_25' title="bbox 82 3039 1236 3125; baseline -0.002 -19"><span class='ocrx_word' id='word_1_216' title='bbox 82 3045 204 3107; x_wconf 82' lang='lat' dir='ltr'><strong>saniam</strong></span> <span class='ocrx_word' id='word_1_217' title='bbox 235 3042 367 3106; x_wconf 86' lang='lat' dir='ltr'><strong>mittem</strong></span> <span class='ocrx_word' id='word_1_218' title='bbox 397 3040 482 3103; x_wconf 88' lang='lat' dir='ltr'><strong>illam</strong></span> <span class='ocrx_word' id='word_1_219' title='bbox 513 3040 679 3113; x_wconf 77' lang='lat' dir='ltr'>infelicem,</span> <span class='ocrx_word' id='word_1_220' title='bbox 707 3039 906 3103; x_wconf 77' lang='lat' dir='ltr'><strong>admirabilia</strong></span> <span class='ocrx_word' id='word_1_221' title='bbox 935 3041 1052 3104; x_wconf 82' lang='lat' dir='ltr'><strong>laoiene</strong></span> <span class='ocrx_word' id='word_1_222' title='bbox 1078 3042 1236 3125; x_wconf 87' lang='lat' dir='ltr'><strong>apparuit,</strong></span> 
     </span>
     <span class='ocr_line' id='line_1_26' title="bbox 83 3138 1237 3227; baseline -0.001 -22"><span class='ocrx_word' id='word_1_223' title='bbox 83 3143 212 3227; x_wconf 90' lang='lat' dir='ltr'><strong>quando</strong></span> <span class='ocrx_word' id='word_1_224' title='bbox 229 3143 332 3226; x_wconf 86' lang='lat' dir='ltr'><strong>major</strong></span> <span class='ocrx_word' id='word_1_225' title='bbox 348 3140 430 3206; x_wconf 86' lang='lat' dir='ltr'><strong>oalix</strong></span> <span class='ocrx_word' id='word_1_226' title='bbox 445 3139 635 3224; x_wconf 81' lang='lat' dir='ltr'><strong>adimpletus</strong></span> <span class='ocrx_word' id='word_1_227' title='bbox 654 3146 702 3202; x_wconf 81' lang='lat' dir='ltr'><strong>eet</strong></span> <span class='ocrx_word' id='word_1_228' title='bbox 724 3139 764 3201; x_wconf 88' lang='lat' dir='ltr'><strong>de</strong></span> <span class='ocrx_word' id='word_1_229' title='bbox 777 3138 890 3200; x_wconf 92' lang='lat' dir='ltr'><strong>minori</strong></span> <span class='ocrx_word' id='word_1_230' title='bbox 909 3139 1014 3204; x_wconf 86' lang='lat' dir='ltr'><strong>oalioe.</strong></span> <span class='ocrx_word' id='word_1_231' title='bbox 1026 3147 1064 3202; x_wconf 91' lang='lat' dir='ltr'><strong>ut</strong></span> <span class='ocrx_word' id='word_1_232' title='bbox 1080 3149 1113 3204; x_wconf 88' lang='lat' dir='ltr'><strong>et</strong></span> <span class='ocrx_word' id='word_1_233' title='bbox 1130 3162 1237 3224; x_wconf 82' lang='lat' dir='ltr'><strong>super-</strong></span> 
     </span>
     <span class='ocr_line' id='line_1_27' title="bbox 83 3235 1237 3323; baseline -0.002 -18"><span class='ocrx_word' id='word_1_234' title='bbox 83 3243 261 3306; x_wconf 86' lang='lat' dir='ltr'><strong>effunderet</strong></span> <span class='ocrx_word' id='word_1_235' title='bbox 286 3264 325 3306; x_wconf 88' lang='lat' dir='ltr'><strong>ex</strong></span> <span class='ocrx_word' id='word_1_236' title='bbox 353 3263 401 3305; x_wconf 89' lang='lat' dir='ltr'><strong>eo.</strong></span> <span class='ocrx_word' id='word_1_237' title='bbox 454 3240 497 3302; x_wconf 78' lang='lat' dir='ltr'><strong>llt</strong></span> <span class='ocrx_word' id='word_1_238' title='bbox 518 3240 580 3303; x_wconf 91' lang='lat' dir='ltr'><strong>alia</strong></span> <span class='ocrx_word' id='word_1_239' title='bbox 606 3238 753 3323; x_wconf 82' lang='lat' dir='ltr'><strong>quaedam</strong></span> <span class='ocrx_word' id='word_1_240' title='bbox 771 3235 820 3299; x_wconf 82' lang='lat' dir='ltr'><strong>his</strong></span> <span class='ocrx_word' id='word_1_241' title='bbox 841 3237 954 3301; x_wconf 82' lang='lat' dir='ltr'><strong>similia</strong></span> <span class='ocrx_word' id='word_1_242' title='bbox 971 3238 1097 3302; x_wconf 83' lang='lat' dir='ltr'><strong>faciens.</strong></span> <span class='ocrx_word' id='word_1_243' title='bbox 1116 3240 1237 3303; x_wconf 84' lang='lat' dir='ltr'><strong>⁴exter-</strong></span> 
     </span>
     <span class='ocr_line' id='line_1_28' title="bbox 84 3336 1236 3425; baseline -0.003 -21"><span class='ocrx_word' id='word_1_244' title='bbox 84 3343 217 3406; x_wconf 88' lang='lat' dir='ltr'><strong>minavit</strong></span> <span class='ocrx_word' id='word_1_245' title='bbox 247 3343 372 3411; x_wconf 84' lang='lat' dir='ltr'><strong>multos.</strong></span> <span class='ocrx_word' id='word_1_246' title='bbox 401 3345 435 3403; x_wconf 87' lang='lat' dir='ltr'><strong>et</strong></span> <span class='ocrx_word' id='word_1_247' title='bbox 461 3339 620 3402; x_wconf 79' lang='lat' dir='ltr'><strong>abstraxit</strong></span> <span class='ocrx_word' id='word_1_248' title='bbox 649 3346 721 3422; x_wconf 84' lang='lat' dir='ltr'><strong>post</strong></span> <span class='ocrx_word' id='word_1_249' title='bbox 743 3360 785 3400; x_wconf 83' lang='lat' dir='ltr'><strong>ee.</strong></span> <span class='ocrx_word' id='word_1_250' title='bbox 829 3336 936 3402; x_wconf 91' lang='lat' dir='ltr'><strong>Datur</strong></span> <span class='ocrx_word' id='word_1_251' title='bbox 959 3349 1068 3402; x_wconf 91' lang='lat' dir='ltr'><strong>autem</strong></span> <span class='ocrx_word' id='word_1_252' title='bbox 1095 3339 1236 3425; x_wconf 80' lang='lat' dir='ltr'><strong>intelligi,</strong></span> 
     </span>
     <span class='ocr_line' id='line_1_29' title="bbox 84 3437 1238 3525; baseline 0.001 -22"><span class='ocrx_word' id='word_1_253' title='bbox 84 3462 155 3505; x_wconf 91' lang='lat' dir='ltr'><strong>eum</strong></span> <span class='ocrx_word' id='word_1_254' title='bbox 181 3451 216 3506; x_wconf 91' lang='lat' dir='ltr'><strong>et</strong></span> <span class='ocrx_word' id='word_1_255' title='bbox 242 3443 418 3504; x_wconf 70' lang='lat' dir='ltr'><strong>dromonem</strong></span> <span class='ocrx_word' id='word_1_256' title='bbox 445 3439 600 3524; x_wconf 85' lang='lat' dir='ltr'><strong>quendam</strong></span> <span class='ocrx_word' id='word_1_257' title='bbox 624 3437 794 3522; x_wconf 80' lang='lat' dir='ltr'><strong>paredrum</strong></span> <span class='ocrx_word' id='word_1_258' title='bbox 818 3437 944 3516; x_wconf 88' lang='lat' dir='ltr'><strong>habere,</strong></span> <span class='ocrx_word' id='word_1_259' title='bbox 975 3461 1032 3524; x_wconf 89' lang='lat' dir='ltr'><strong>per</strong></span> <span class='ocrx_word' id='word_1_260' title='bbox 1052 3462 1145 3524; x_wconf 90' lang='lat' dir='ltr'><strong>quem</strong></span> <span class='ocrx_word' id='word_1_261' title='bbox 1171 3439 1238 3525; x_wconf 86' lang='lat' dir='ltr'><strong>ipse</strong></span> 
     </span>
     <span class='ocr_line' id='line_1_30' title="bbox 84 3538 1238 3626; baseline -0.001 -22"><span class='ocrx_word' id='word_1_262' title='bbox 84 3563 210 3625; x_wconf 89' lang='lat' dir='ltr'><strong>quoque</strong></span> <span class='ocrx_word' id='word_1_263' title='bbox 238 3542 432 3626; x_wconf 78' lang='lat' dir='ltr'><strong>prophetare</strong></span> <span class='ocrx_word' id='word_1_264' title='bbox 465 3539 599 3614; x_wconf 81' lang='lat' dir='ltr'><strong>videtur,</strong></span> <span class='ocrx_word' id='word_1_265' title='bbox 635 3547 668 3600; x_wconf 91' lang='lat' dir='ltr'><strong>et</strong></span> <span class='ocrx_word' id='word_1_266' title='bbox 703 3546 861 3621; x_wconf 89' lang='lat' dir='ltr'><strong>quotquot</strong></span> <span class='ocrx_word' id='word_1_267' title='bbox 895 3538 1007 3624; x_wconf 79' lang='lat' dir='ltr'><strong>dignas</strong></span> <span class='ocrx_word' id='word_1_268' title='bbox 1040 3547 1136 3624; x_wconf 90' lang='lat' dir='ltr'><strong>putat</strong></span> <span class='ocrx_word' id='word_1_269' title='bbox 1169 3540 1238 3604; x_wconf 88' lang='lat' dir='ltr'><strong>fieri</strong></span> 
     </span>
    </p>
   </div>
   <div class='ocr_carea' id='block_1_9' title="bbox 83 3692 1275 4650">
    <p class='ocr_par' dir='ltr' id='par_1_9' title="bbox 83 3692 1275 4650">
     <span class='ocr_line' id='line_1_31' title="bbox 132 3692 1238 3760; baseline 0 -16"><span class='ocrx_word' id='word_1_270' title='bbox 132 3697 141 3728; x_wconf 86' lang='lat'>¹</span> <span class='ocrx_word' id='word_1_271' title='bbox 161 3697 332 3744; x_wconf 74' lang='lat' dir='ltr'><strong>Hu’ronruus</strong></span> <span class='ocrx_word' id='word_1_272' title='bbox 348 3711 405 3759; x_wconf 78' lang='lat' dir='ltr'><strong>mys</strong></span> <span class='ocrx_word' id='word_1_273' title='bbox 422 3695 447 3742; x_wconf 92' lang='lat' dir='ltr'><strong>in</strong></span> <span class='ocrx_word' id='word_1_274' title='bbox 464 3694 514 3741; x_wconf 83' lang='lat' dir='ltr'><strong>like</strong></span> <span class='ocrx_word' id='word_1_275' title='bbox 525 3709 635 3751; x_wconf 84' lang='lat' dir='ltr'><strong>manner,</strong></span> <span class='ocrx_word' id='word_1_276' title='bbox 686 3692 729 3754; x_wconf 77' lang='lat' dir='ltr'><strong>ing</strong></span> <span class='ocrx_word' id='word_1_277' title='bbox 746 3693 811 3740; x_wconf 86' lang='lat' dir='ltr'><strong>their</strong></span> <span class='ocrx_word' id='word_1_278' title='bbox 828 3693 886 3740; x_wconf 89' lang='lat' dir='ltr'><strong>hold</strong></span> <span class='ocrx_word' id='word_1_279' title='bbox 905 3710 972 3757; x_wconf 92' lang='lat' dir='ltr'><strong>upon</strong></span> <span class='ocrx_word' id='word_1_280' title='bbox 992 3695 1062 3743; x_wconf 78' lang='lat' dir='ltr'><strong>thone</strong></span> <span class='ocrx_word' id='word_1_281' title='bbox 1081 3696 1159 3742; x_wconf 86' lang='lat' dir='ltr'><strong>whom</strong></span> <span class='ocrx_word' id='word_1_282' title='bbox 1178 3696 1238 3760; x_wconf 78' lang='lat' dir='ltr'><strong>they</strong></span> 
     </span>
     <span class='ocr_line' id='line_1_32' title="bbox 84 3772 958 3838; baseline -0.005 -12"><span class='ocrx_word' id='word_1_283' title='bbox 84 3791 119 3828; x_wconf 82' lang='lat' dir='ltr'><strong>v1.</strong></span> <span class='ocrx_word' id='word_1_284' title='bbox 133 3794 172 3838; x_wconf 80' lang='grc'>41,</span> <span class='ocrx_word' id='word_1_285' title='bbox 187 3780 293 3826; x_wconf 71' lang='grc' dir='ltr'>Τοιαῦτα</span> <span class='ocrx_word' id='word_1_286' title='bbox 305 3779 330 3825; x_wconf 77' lang='grc' dir='ltr'><strong>δὲ</strong></span> <span class='ocrx_word' id='word_1_287' title='bbox 347 3779 387 3824; x_wconf 84' lang='grc' dir='ltr'><strong>καί</strong></span> <span class='ocrx_word' id='word_1_288' title='bbox 403 3780 473 3837; x_wconf 79' lang='grc' dir='ltr'>ἔτερα</span> <span class='ocrx_word' id='word_1_289' title='bbox 490 3775 608 3836; x_wconf 77' lang='grc' dir='ltr'>ἐπεχείρει</span> <span class='ocrx_word' id='word_1_290' title='bbox 626 3775 638 3822; x_wconf 87' lang='grc' dir='ltr'><strong><em>ὁ</em></strong></span> <span class='ocrx_word' id='word_1_291' title='bbox 685 3772 733 3820; x_wconf 88' lang='lat' dir='ltr'><strong>had</strong></span> <span class='ocrx_word' id='word_1_292' title='bbox 751 3789 811 3820; x_wconf 88' lang='lat' dir='ltr'><strong>oneo</strong></span> <span class='ocrx_word' id='word_1_293' title='bbox 821 3774 958 3836; x_wconf 79' lang='lat' dir='ltr'><strong>perverted.</strong></span> 
     </span>
     <span class='ocr_line' id='line_1_33' title="bbox 85 3853 1239 3920; baseline -0.002 -13"><span class='ocrx_word' id='word_1_294' title='bbox 85 3861 174 3910; x_wconf 71' lang='grc' dir='ltr'>πλάνος</span> <span class='ocrx_word' id='word_1_295' title='bbox 193 3862 278 3908; x_wconf 85' lang='grc' dir='ltr'>ποιεῖν·</span> <span class='ocrx_word' id='word_1_296' title='bbox 298 3861 333 3908; x_wconf 86' lang='grc' dir='ltr'>διὸ</span> <span class='ocrx_word' id='word_1_297' title='bbox 351 3860 396 3906; x_wconf 81' lang='grc' dir='ltr'><strong>ὑπὸ</strong></span> <span class='ocrx_word' id='word_1_298' title='bbox 414 3860 462 3905; x_wconf 81' lang='grc' dir='ltr'><strong>τῶν</strong></span> <span class='ocrx_word' id='word_1_299' title='bbox 476 3857 639 3914; x_wconf 78' lang='grc' dir='ltr'>ἀπατωμένων</span> <span class='ocrx_word' id='word_1_300' title='bbox 733 3853 813 3902; x_wconf 79' lang='lat' dir='ltr'><strong>&#39;The</strong></span> <span class='ocrx_word' id='word_1_301' title='bbox 825 3858 956 3903; x_wconf 71' lang='lat' dir='ltr'>ARUNDEL</span> <span class='ocrx_word' id='word_1_302' title='bbox 968 3857 1069 3920; x_wconf 79' lang='lat' dir='ltr'><strong>reading</strong></span> <span class='ocrx_word' id='word_1_303' title='bbox 1079 3857 1239 3906; x_wconf 63' lang='lat' dir='ltr'><strong>Eucharistiae</strong></span> 
     </span>
     <span class='ocr_line' id='line_1_34' title="bbox 85 3936 1237 4004; baseline -0.003 -15"><span class='ocrx_word' id='word_1_304' title='bbox 85 3944 217 4002; x_wconf 69' lang='grc' dir='ltr'>ἐδοξάζετο,</span> <span class='ocrx_word' id='word_1_305' title='bbox 235 3942 275 3988; x_wconf 83' lang='grc' dir='ltr'><strong>καί</strong></span> <span class='ocrx_word' id='word_1_306' title='bbox 287 3943 347 3988; x_wconf 77' lang='grc' dir='ltr'>τοτὲ</span> <span class='ocrx_word' id='word_1_307' title='bbox 358 3938 423 4003; x_wconf 76' lang='grc' dir='ltr'>[μὲν]</span> <span class='ocrx_word' id='word_1_308' title='bbox 439 3940 509 3986; x_wconf 78' lang='grc' dir='ltr'>αὐτὸς</span> <span class='ocrx_word' id='word_1_309' title='bbox 521 3937 639 3995; x_wconf 68' lang='grc' dir='ltr'>ἐνομίζετο</span> <span class='ocrx_word' id='word_1_310' title='bbox 685 3936 705 3983; x_wconf 83' lang='lat' dir='ltr'><strong>ie</strong></span> <span class='ocrx_word' id='word_1_311' title='bbox 717 3937 832 3999; x_wconf 75' lang='lat' dir='ltr'><strong>adopted,</strong></span> <span class='ocrx_word' id='word_1_312' title='bbox 845 3937 909 3985; x_wconf 83' lang='lat' dir='ltr'><strong>from</strong></span> <span class='ocrx_word' id='word_1_313' title='bbox 924 3939 966 3987; x_wconf 89' lang='lat' dir='ltr'><strong>the</strong></span> <span class='ocrx_word' id='word_1_314' title='bbox 980 3940 1087 4004; x_wconf 75' lang='lat' dir='ltr'><strong>anulogy</strong></span> <span class='ocrx_word' id='word_1_315' title='bbox 1102 3940 1130 3988; x_wconf 86' lang='lat' dir='ltr'><strong>of</strong></span> <span class='ocrx_word' id='word_1_316' title='bbox 1141 3939 1184 3986; x_wconf 88' lang='lat' dir='ltr'><strong>the</strong></span> <span class='ocrx_word' id='word_1_317' title='bbox 1197 3954 1237 3986; x_wconf 83' lang='lat' dir='ltr'><strong>ex·</strong></span> 
     </span>
     <span class='ocr_line' id='line_1_35' title="bbox 85 4017 1238 4086; baseline -0.003 -16"><span class='ocrx_word' id='word_1_318' title='bbox 85 4027 250 4086; x_wconf 69' lang='grc' dir='ltr'>προφητεύειν,</span> <span class='ocrx_word' id='word_1_319' title='bbox 270 4025 330 4070; x_wconf 77' lang='grc' dir='ltr'>ποτὲ</span> <span class='ocrx_word' id='word_1_320' title='bbox 347 4024 372 4070; x_wconf 81' lang='grc' dir='ltr'><strong>δὲ</strong></span> <span class='ocrx_word' id='word_1_321' title='bbox 390 4023 428 4067; x_wconf 83' lang='grc' dir='ltr'><strong>καί</strong></span> <span class='ocrx_word' id='word_1_322' title='bbox 446 4021 537 4081; x_wconf 79' lang='grc' dir='ltr'>ἑτέρους</span> <span class='ocrx_word' id='word_1_323' title='bbox 555 4019 637 4066; x_wconf 71' lang='grc' dir='ltr'>ἐποίει</span> <span class='ocrx_word' id='word_1_324' title='bbox 684 4017 794 4079; x_wconf 83' lang='lat' dir='ltr'><strong>preseion</strong></span> <span class='ocrx_word' id='word_1_325' title='bbox 813 4017 840 4064; x_wconf 84' lang='lat' dir='ltr'><strong>ol</strong></span> <span class='ocrx_word' id='word_1_326' title='bbox 861 4017 886 4066; x_wconf 87' lang='lat' dir='ltr'><strong>S.</strong></span> <span class='ocrx_word' id='word_1_327' title='bbox 908 4019 991 4077; x_wconf 73' lang='lat' dir='ltr'><strong>Paua,</strong></span> <span class='ocrx_word' id='word_1_328' title='bbox 1015 4023 1043 4069; x_wconf 82' lang='lat' dir='ltr'><strong>rt</strong></span> <span class='ocrx_word' id='word_1_329' title='bbox 1066 4022 1179 4081; x_wconf 83' lang='grc' dir='ltr'>ποτήριον</span> <span class='ocrx_word' id='word_1_330' title='bbox 1195 4022 1238 4078; x_wconf 78' lang='grc' dir='ltr'>τῆς</span> 
     </span>
     <span class='ocr_line' id='line_1_36' title="bbox 84 4099 988 4165; baseline -0.006 -11"><span class='ocrx_word' id='word_1_331' title='bbox 84 4110 124 4155; x_wconf 75' lang='grc' dir='ltr'><strong>ὅτε</strong></span> <span class='ocrx_word' id='word_1_332' title='bbox 141 4109 184 4165; x_wconf 70' lang='grc' dir='ltr'>μὲν</span> <span class='ocrx_word' id='word_1_333' title='bbox 202 4107 241 4152; x_wconf 83' lang='grc' dir='ltr'><strong>καί</strong></span> <span class='ocrx_word' id='word_1_334' title='bbox 258 4107 297 4152; x_wconf 82' lang='grc' dir='ltr'>διὰ</span> <span class='ocrx_word' id='word_1_335' title='bbox 313 4105 429 4161; x_wconf 77' lang='grc' dir='ltr'>δαιμόνων</span> <span class='ocrx_word' id='word_1_336' title='bbox 439 4103 516 4148; x_wconf 82' lang='grc' dir='ltr'>ταῦτα</span> <span class='ocrx_word' id='word_1_337' title='bbox 528 4101 635 4160; x_wconf 76' lang='grc' dir='ltr'>ἐνεργῶν,</span> <span class='ocrx_word' id='word_1_338' title='bbox 686 4099 802 4158; x_wconf 83' lang='grc' dir='ltr'>εὐλογίας,</span> <span class='ocrx_word' id='word_1_339' title='bbox 820 4100 897 4148; x_wconf 78' lang='grc' dir='ltr'>ῐΟοτ.</span> <span class='ocrx_word' id='word_1_340' title='bbox 911 4118 935 4149; x_wconf 87' lang='lat' dir='ltr'><strong>x.</strong></span> <span class='ocrx_word' id='word_1_341' title='bbox 953 4100 988 4150; x_wconf 87' lang='grc'><strong>16.</strong></span> 
     </span>
     <span class='ocr_line' id='line_1_37' title="bbox 84 4177 1237 4248; baseline -0.008 -11"><span class='ocrx_word' id='word_1_342' title='bbox 84 4191 125 4237; x_wconf 81' lang='grc' dir='ltr'>ὅτι</span> <span class='ocrx_word' id='word_1_343' title='bbox 137 4191 163 4237; x_wconf 82' lang='grc' dir='ltr'>δέ</span> <span class='ocrx_word' id='word_1_344' title='bbox 175 4189 215 4236; x_wconf 84' lang='grc' dir='ltr'><strong>καί</strong></span> <span class='ocrx_word' id='word_1_345' title='bbox 227 4189 331 4248; x_wconf 79' lang='grc' dir='ltr'>κυβεύων</span> <span class='ocrx_word' id='word_1_346' title='bbox 342 4187 372 4234; x_wconf 79' lang='grc' dir='ltr'><strong>ὼς</strong></span> <span class='ocrx_word' id='word_1_347' title='bbox 388 4184 538 4245; x_wconf 81' lang='grc' dir='ltr'>προείπομεν.</span> <span class='ocrx_word' id='word_1_348' title='bbox 574 4182 637 4228; x_wconf 86' lang='grc' dir='ltr'>Πολ·</span> <span class='ocrx_word' id='word_1_349' title='bbox 734 4177 744 4208; x_wconf 80' lang='lat'>³</span> <span class='ocrx_word' id='word_1_350' title='bbox 767 4180 846 4226; x_wconf 72' lang='lat' dir='ltr'><strong>Multo</strong></span> <span class='ocrx_word' id='word_1_351' title='bbox 869 4182 988 4243; x_wconf 74' lang='lat' dir='ltr'><strong>mjorem,</strong></span> <span class='ocrx_word' id='word_1_352' title='bbox 1013 4183 1083 4230; x_wconf 78' lang='lat' dir='ltr'><strong>these</strong></span> <span class='ocrx_word' id='word_1_353' title='bbox 1099 4181 1179 4229; x_wconf 75' lang='lat' dir='ltr'><strong>worda</strong></span> <span class='ocrx_word' id='word_1_354' title='bbox 1195 4196 1237 4229; x_wconf 83' lang='lat' dir='ltr'><strong>are</strong></span> 
     </span>
     <span class='ocr_line' id='line_1_38' title="bbox 85 4263 1235 4328; baseline -0.007 -10"><span class='ocrx_word' id='word_1_355' title='bbox 85 4272 140 4318; x_wconf 76' lang='grc' dir='ltr'>λοὺς</span> <span class='ocrx_word' id='word_1_356' title='bbox 156 4271 235 4317; x_wconf 85' lang='grc' dir='ltr'>τοίνυν</span> <span class='ocrx_word' id='word_1_357' title='bbox 251 4269 396 4328; x_wconf 76' lang='grc' dir='ltr'>ἐξαφανίσας</span> <span class='ocrx_word' id='word_1_358' title='bbox 414 4267 494 4313; x_wconf 86' lang='grc' dir='ltr'>κ,τ.λ.</span> <span class='ocrx_word' id='word_1_359' title='bbox 529 4263 582 4309; x_wconf 85' lang='lat' dir='ltr'><strong>Tho</strong></span> <span class='ocrx_word' id='word_1_360' title='bbox 599 4278 638 4309; x_wconf 91' lang='lat' dir='ltr'><strong>ve·</strong></span> <span class='ocrx_word' id='word_1_361' title='bbox 685 4263 762 4310; x_wconf 89' lang='lat' dir='ltr'><strong>found</strong></span> <span class='ocrx_word' id='word_1_362' title='bbox 779 4265 803 4311; x_wconf 90' lang='lat' dir='ltr'><strong>in</strong></span> <span class='ocrx_word' id='word_1_363' title='bbox 822 4265 855 4312; x_wconf 87' lang='lat' dir='ltr'><strong>all</strong></span> <span class='ocrx_word' id='word_1_364' title='bbox 867 4266 910 4313; x_wconf 86' lang='lat' dir='ltr'><strong>the</strong></span> <span class='ocrx_word' id='word_1_365' title='bbox 922 4266 1008 4324; x_wconf 68' lang='lat' dir='ltr'>MSS„</span> <span class='ocrx_word' id='word_1_366' title='bbox 1023 4267 1070 4314; x_wconf 89' lang='lat' dir='ltr'><strong>but</strong></span> <span class='ocrx_word' id='word_1_367' title='bbox 1085 4265 1146 4327; x_wconf 86' lang='lat' dir='ltr'><strong>they</strong></span> <span class='ocrx_word' id='word_1_368' title='bbox 1157 4279 1235 4311; x_wconf 85' lang='lat' dir='ltr'><strong>corre-</strong></span> 
     </span>
     <span class='ocr_line' id='line_1_39' title="bbox 85 4343 1237 4408; baseline -0.006 -10"><span class='ocrx_word' id='word_1_369' title='bbox 85 4350 184 4399; x_wconf 86' lang='lat' dir='ltr'><strong>nerahle</strong></span> <span class='ocrx_word' id='word_1_370' title='bbox 204 4350 295 4407; x_wconf 83' lang='lat' dir='ltr'><strong>writer,</strong></span> <span class='ocrx_word' id='word_1_371' title='bbox 318 4363 346 4395; x_wconf 79' lang='lat' dir='ltr'><strong>aa</strong></span> <span class='ocrx_word' id='word_1_372' title='bbox 366 4347 387 4393; x_wconf 82' lang='lat' dir='ltr'><strong>ie</strong></span> <span class='ocrx_word' id='word_1_373' title='bbox 407 4345 478 4393; x_wconf 81' lang='lat' dir='ltr'><strong>usual</strong></span> <span class='ocrx_word' id='word_1_374' title='bbox 496 4343 557 4390; x_wconf 91' lang='lat' dir='ltr'><strong>with</strong></span> <span class='ocrx_word' id='word_1_375' title='bbox 577 4343 636 4401; x_wconf 89' lang='lat' dir='ltr'><strong>him,</strong></span> <span class='ocrx_word' id='word_1_376' title='bbox 684 4345 765 4408; x_wconf 81' lang='lat' dir='ltr'><strong>spond</strong></span> <span class='ocrx_word' id='word_1_377' title='bbox 781 4348 843 4394; x_wconf 82' lang='lat' dir='ltr'><strong>with</strong></span> <span class='ocrx_word' id='word_1_378' title='bbox 860 4347 968 4408; x_wconf 81' lang='lat' dir='ltr'><strong>nothing</strong></span> <span class='ocrx_word' id='word_1_379' title='bbox 985 4347 1010 4395; x_wconf 90' lang='lat' dir='ltr'><strong>in</strong></span> <span class='ocrx_word' id='word_1_380' title='bbox 1025 4348 1069 4395; x_wconf 89' lang='lat' dir='ltr'><strong>the</strong></span> <span class='ocrx_word' id='word_1_381' title='bbox 1084 4345 1174 4404; x_wconf 74' lang='lat' dir='ltr'><strong>Greek,</strong></span> <span class='ocrx_word' id='word_1_382' title='bbox 1187 4344 1237 4392; x_wconf 83' lang='lat' dir='ltr'><strong>and</strong></span> 
     </span>
     <span class='ocr_line' id='line_1_40' title="bbox 85 4424 1186 4490; baseline -0.006 -11"><span class='ocrx_word' id='word_1_383' title='bbox 85 4432 178 4479; x_wconf 83' lang='lat' dir='ltr'><strong>thmwn</strong></span> <span class='ocrx_word' id='word_1_384' title='bbox 200 4429 244 4477; x_wconf 86' lang='lat' dir='ltr'><strong>the</strong></span> <span class='ocrx_word' id='word_1_385' title='bbox 266 4427 314 4476; x_wconf 84' lang='lat' dir='ltr'><strong>veil</strong></span> <span class='ocrx_word' id='word_1_386' title='bbox 333 4427 363 4475; x_wconf 86' lang='lat' dir='ltr'><strong>of</strong></span> <span class='ocrx_word' id='word_1_387' title='bbox 381 4426 471 4474; x_wconf 79' lang='lat' dir='ltr'><strong>silence</strong></span> <span class='ocrx_word' id='word_1_388' title='bbox 493 4441 552 4472; x_wconf 84' lang='lat' dir='ltr'><strong>over</strong></span> <span class='ocrx_word' id='word_1_389' title='bbox 571 4425 638 4471; x_wconf 83' lang='lat' dir='ltr'><strong>these</strong></span> <span class='ocrx_word' id='word_1_390' title='bbox 684 4443 725 4474; x_wconf 85' lang='lat' dir='ltr'><strong>are</strong></span> <span class='ocrx_word' id='word_1_391' title='bbox 737 4429 886 4490; x_wconf 79' lang='lat' dir='ltr'><strong>apparently</strong></span> <span class='ocrx_word' id='word_1_392' title='bbox 896 4427 1013 4490; x_wconf 83' lang='lat' dir='ltr'><strong>repeated</strong></span> <span class='ocrx_word' id='word_1_393' title='bbox 1024 4427 1088 4474; x_wconf 84' lang='lat' dir='ltr'><strong>from</strong></span> <span class='ocrx_word' id='word_1_394' title='bbox 1099 4424 1186 4473; x_wconf 80' lang='lat' dir='ltr'><strong>above.</strong></span> 
     </span>
     <span class='ocr_line' id='line_1_41' title="bbox 84 4504 1275 4573; baseline -0.003 -13"><span class='ocrx_word' id='word_1_395' title='bbox 84 4512 228 4560; x_wconf 76' lang='lat' dir='ltr'><strong>Marcoman</strong></span> <span class='ocrx_word' id='word_1_396' title='bbox 245 4509 371 4573; x_wconf 82' lang='lat' dir='ltr'><strong>praetioen,</strong></span> <span class='ocrx_word' id='word_1_397' title='bbox 392 4507 441 4556; x_wconf 83' lang='lat' dir='ltr'><strong>aud</strong></span> <span class='ocrx_word' id='word_1_398' title='bbox 458 4507 606 4555; x_wconf 75' lang='lat' dir='ltr'><strong>substitutus</strong></span> <span class='ocrx_word' id='word_1_399' title='bbox 623 4522 638 4552; x_wconf 85' lang='lat' dir='ltr'><strong>a</strong></span> <span class='ocrx_word' id='word_1_400' title='bbox 734 4507 927 4556; x_wconf 67' lang='grc' dir='ltr'><strong>4Ιτ“ωιετ·ινιι’τιονι</strong></span> <span class='ocrx_word' id='word_1_401' title='bbox 946 4508 967 4555; x_wconf 79' lang='lat' dir='ltr'><strong>ir</strong></span> <span class='ocrx_word' id='word_1_402' title='bbox 984 4506 1044 4555; x_wconf 75' lang='lat' dir='ltr'><strong>used</strong></span> <span class='ocrx_word' id='word_1_403' title='bbox 1061 4507 1088 4553; x_wconf 90' lang='lat' dir='ltr'><strong>in</strong></span> <span class='ocrx_word' id='word_1_404' title='bbox 1107 4504 1150 4553; x_wconf 79' lang='lat' dir='ltr'><strong>the</strong></span> <span class='ocrx_word' id='word_1_405' title='bbox 1166 4520 1239 4557; x_wconf 69' lang='lat' dir='ltr'><strong>tenu</strong></span> <span class='ocrx_word' id='word_1_406' title='bbox 1271 4552 1275 4557; x_wconf 96' lang='lat'>.</span> 
     </span>
     <span class='ocr_line' id='line_1_42' title="bbox 83 4586 1239 4650; baseline -0.002 -11"><span class='ocrx_word' id='word_1_407' title='bbox 83 4592 149 4641; x_wconf 75' lang='lat' dir='ltr'><strong>briei</strong></span> <span class='ocrx_word' id='word_1_408' title='bbox 158 4595 265 4640; x_wconf 74' lang='lat' dir='ltr'><strong>aeoonut</strong></span> <span class='ocrx_word' id='word_1_409' title='bbox 275 4591 304 4637; x_wconf 84' lang='lat' dir='ltr'><strong>ol</strong></span> <span class='ocrx_word' id='word_1_410' title='bbox 313 4590 378 4638; x_wconf 87' lang='lat' dir='ltr'><strong>their</strong></span> <span class='ocrx_word' id='word_1_411' title='bbox 393 4586 494 4636; x_wconf 87' lang='lat' dir='ltr'><strong>mothod</strong></span> <span class='ocrx_word' id='word_1_412' title='bbox 506 4588 534 4634; x_wconf 87' lang='lat' dir='ltr'><strong>ol</strong></span> <span class='ocrx_word' id='word_1_413' title='bbox 548 4587 636 4634; x_wconf 82' lang='lat' dir='ltr'><strong>retain·</strong></span> <span class='ocrx_word' id='word_1_414' title='bbox 688 4589 716 4634; x_wconf 83' lang='lat' dir='ltr'><strong>of</strong></span> <span class='ocrx_word' id='word_1_415' title='bbox 724 4587 822 4649; x_wconf 77' lang='grc' dir='ltr'>ίουιίίιιη</span> <span class='ocrx_word' id='word_1_416' title='bbox 832 4595 921 4650; x_wconf 64' lang='lat' dir='ltr'><strong>raray,</strong></span> <span class='ocrx_word' id='word_1_417' title='bbox 934 4586 996 4650; x_wconf 78' lang='lat' dir='ltr'><strong>infr.</strong></span> <span class='ocrx_word' id='word_1_418' title='bbox 1009 4604 1029 4636; x_wconf 82' lang='lat' dir='ltr'><strong>a</strong></span> <span class='ocrx_word' id='word_1_419' title='bbox 1039 4602 1082 4637; x_wconf 77' lang='grc' dir='ltr'><strong>ιι.</strong></span> <span class='ocrx_word' id='word_1_420' title='bbox 1092 4603 1117 4648; x_wconf 86' lang='grc'>4,</span> <span class='ocrx_word' id='word_1_421' title='bbox 1128 4586 1150 4639; x_wconf 78' lang='lat' dir='ltr'><strong>ie</strong></span> <span class='ocrx_word' id='word_1_422' title='bbox 1159 4586 1182 4639; x_wconf 75' lang='lat' dir='ltr'><strong>iu</strong></span> <span class='ocrx_word' id='word_1_423' title='bbox 1192 4592 1239 4641; x_wconf 80' lang='lat' dir='ltr'><strong>not</strong></span> 
     </span>
    </p>
   </div>
   <div class='ocr_carea' id='block_1_10' title="bbox 0 0 1482 4986">
    <p class='ocr_par' dir='ltr' id='par_1_10' title="bbox 0 0 1482 4986">
     <span class='ocr_line' id='line_1_43' title="bbox 0 0 1482 4986; baseline 0 0"><span class='ocrx_word' id='word_1_424' title='bbox 0 0 1482 4986; x_wconf 95' lang='lat' dir='ltr'><strong> </strong></span> 
     </span>
    </p>
   </div>
  </div>
 </body>
</html>
