2954 4986
240 351 307 417 360
578 365 653 418 PER
678 364 1069 420 uscarlwaaulouuu

108 541 200 626 pppp.
240 543 313 588 cum
340 520 506 587 animabus
533 520 566 584 in
595 516 803 605 corruptelam
832 518 869 607 [l.
891 516 1151 606 incorruptelam]
1182 520 1294 586 cedere
1319 519 1384 586 inci·

95 615 214 721 3¹23}st
241 624 332 711 piunt
352 625 505 709 corporat
548 622 619 687 Aut
639 621 724 686 enim
746 621 911 707 impotens,
936 630 993 688 ant
1013 621 1133 709 injusta
1155 623 1317 711 apparebit
1346 624 1386 688 ¹in

81 728 229 813 ΕΛ·-
241 728 418 814 hujnsmodi
428 725 561 813 justitia,
576 725 603 790 si
619 725 762 812 quaedam
777 725 902 811 quidem
916 725 1015 792 salvat
1028 736 1157 813 propter
1170 749 1261 793 suam
1275 727 1433 815 pertici-au

241 832 410 918 petionem,
426 831 570 917 quaedam
584 837 692 894 autem
707 850 781 894 non.

308 938 340 999 2.
371 934 453 1017 Quia
466 933 550 999 enim
565 933 597 996 in
611 932 791 1018 corporibus
808 932 1010 1018 perficiuntur
1027 956 1066 1000 ea
1080 956 1152 1019 quae
1167 942 1244 1001 sunt
1255 935 1388 1021 justitia,

241 1037 442 1103 manifestum
463 1044 523 1102 est.
573 1036 642 1100 Aut
661 1034 812 1100 universae
835 1036 941 1122 itaque
960 1037 1073 1102 animae
1096 1038 1272 1104 necessarie
1289 1059 1389 1104 succe

242 1143 318 1209 dent
332 1141 365 1205 in
378 1140 555 1206 medietatis
572 1139 684 1215 locum,
700 1149 733 1204 et
755 1139 779 1203 J
781 1139 917 1205 udicium
934 1162 1101 1227 nusquam
1125 1152 1181 1206 aut
1204 1154 1239 1208 et
1260 1164 1389 1229 corpora,

246 1268 318 1332 quae
331 1245 591 1330 participaverunt
605 1243 747 1330 justitiae,
766 1266 838 1308 cum
853 1244 1016 1310 animabus
1030 1267 1100 1330 qnae
1115 1246 1261 1312 similiter
1274 1248 1389 1334 partici-

241 1356 401 1436 paverunt,
417 1346 603 1412 obtinebunt
616 1346 766 1433 refrigerii
780 1347 892 1425 locum,
907 1347 1059 1434 siquidem
1074 1357 1186 1433 potens
1202 1360 1253 1414 est
1269 1350 1386 1436 justitia

244 1451 316 1516 illuc
339 1450 538 1515 transducere
559 1471 597 1514 ea
618 1472 690 1535 quae
712 1449 973 1534 participaverunt
994 1451 1039 1525 ei;
1062 1460 1096 1516 et
1110 1473 1213 1527 verus,
1236 1464 1271 1518 et
1292 1454 1391 1519 firmus

241 1561 380 1642 emerget
405 1554 444 1618 de
469 1553 694 1618 resurrectione
720 1574 885 1638 corporum
905 1575 1018 1632 sermo,
1041 1576 1135 1639 quern
1157 1556 1286 1640 quidem
1302 1557 1391 1622 credi·

244 1679 315 1723 mus
329 1680 400 1722 noe:
425 1657 570 1742 quoniam
593 1665 626 1722 et
645 1656 788 1721 mortalia
802 1678 934 1742 corpora
947 1667 1055 1722 nostra
1076 1659 1290 1725 custodientia
1307 1662 1390 1747 justi

240 1762 318 1829 tiam
330 1761 520 1828 resuscitans
530 1761 627 1839 Deus,
640 1761 819 1847 incorrupta
829 1769 862 1826 et
877 1761 1062 1827 immortalia
1074 1763 1180 1829 faciet.
1211 1764 1303 1830 Deus
1316 1766 1391 1831 enim

78 1940 229 2028 ffiffimm
241 1923 374 1999 Φύσεως
390 1921 549 2021 κρείττων
566 1922 585 1992 ὁ
606 1920 698 2005 θεὸς,
720 1920 773 1992 rui
792 1922 870 2020 παρ’
890 1922 982 2012 αὐτῷ
997 1920 1040 1993 τὸ
1059 1923 1176 2008 θέλειν,
1194 1925 1251 1997 ὅτι
1270 1926 1391 2018 ἁγαθός

78 2032 207 2119 ,ΨΜ
241 2038 327 2109 ἔστι·
354 2034 407 2106 καὶ
434 2033 478 2106 τὸ
505 2031 672 2120 δύνασθαι,
691 2036 744 2108 ὅτι
768 2032 914 2112 δυνατός·
943 2034 996 2107 καὶ
1028 2034 1072 2107 τὸ
1103 2037 1311 2123 ἐπιτελέσαι,
1341 2041 1388 2111 ὅτι

79 2126 171 2167 llrllolx.
181 2140 200 2170 τ.
257 2153 274 2179 ,,

77 2174 132 2215 lna
241 2180 400 2248 ευπορος.
417 2201 425 2217 .
441 2199 449 2217 .

239 2321 348 2388 melior
364 2328 413 2386 est
428 2342 521 2407 quam
544 2329 664 2399 natura,
680 2321 800 2387 babens
821 2322 904 2408 apud
918 2320 1124 2407 semetipsum
1144 2323 1234 2403 velle,
1251 2327 1389 2411 quoniam

240 2426 424 2491 bonusest:
447 2431 480 2489 et
502 2446 603 2509 posse,
627 2425 772 2512 quoniam
794 2432 989 2511 potensest:
1015 2433 1048 2489 et
1069 2426 1231 2511 perlicere,
1251 2430 1389 2515 quoniam

239 2528 324 2594 dives
338 2535 371 2593 et
385 2527 541 2614 perfectus
554 2536 614 2594 est.

696 2774 797 2839 cAP.
822 2772 934 2839 XLV.

240 2916 401 2995 ortensio
435 2916 532 3018 quod
566 2918 700 2995 uuimoe
734 2946 858 2995 eorum
886 2920 1085 2996 secuudum
1119 2950 1208 3001 suas
1237 2928 1384 3027 rep-ulus,

298 3036 373 3111 siue
390 3049 655 3134 urpurueuturn,
675 3036 899 3136 nonpossint
909 3039 1150 3140 participare
1167 3044 1331 3121 sulutem.

238 3203 288 3268 Ηι
311 3212 417 3269 autem
440 3204 611 3269 secundum
634 3203 738 3268 omnia
766 3204 921 3269 contraria
950 3206 1009 3270 sibi
1041 3207 1160 3287 dicunt,
1193 3234 1257 3277 non
1286 3226 1433 3278 omnesol

235 3307 357 3373 animas
382 3307 414 3370 in
438 3307 638 3372 medietatem
662 3306 828 3372 succedere
850 3308 1044 3387 definientes,
1064 3312 1122 3376 sed
1142 3313 1228 3379 solas
1241 3337 1313 3401 quae
1329 3316 1386 3380 sint

230 3409 399 3493 justorum.
455 3408 648 3473 Naturaliter
672 3408 756 3472 enim
782 3417 816 3474 et
840 3410 1011 3475 secundum
1039 3414 1250 3481 substantiam
1279 3418 1386 3483 emissa

234 3532 303 3576 esse
328 3510 389 3575 tria
411 3532 527 3597 genera
554 3511 703 3576 dicunta
730 3512 849 3577 Matre:
872 3513 1111 3601 primumquod
1132 3520 1261 3605 quidem
1283 3523 1326 3586 sit
1350 3521 1385 3585 de

232 3614 348 3701 aporia,
364 3623 396 3680 et
410 3614 514 3692 tedio,
536 3623 569 3679 et
583 3613 704 3692 timore,
721 3615 805 3703 quod
816 3625 866 3680 est
880 3618 1026 3683 materia:
1051 3619 1208 3687 ²alterurn
1226 3632 1332 3690 autem
1349 3626 1385 3689 de

234 3718 361 3803 impetu,
377 3718 461 3804 quod
478 3728 528 3783 cst
542 3716 689 3782 animale:
715 3718 798 3805 quod
812 3727 919 3784 autern
934 3722 1028 3787 enixa
1042 3732 1091 3788 eet
1110 3726 1284 3791 secundum
1299 3728 1384 3794 visio

232 3840 305 3884 nem
328 3841 436 3884 eorum
459 3820 512 3906 qui
538 3821 622 3886 circa
644 3820 804 3885 Christum
830 3831 905 3886 sunt
926 3824 1040 3911 angeli,
1064 3826 1147 3913 quod
1171 3836 1220 3893 est
1241 3830 1383 3915 spiritale.

232 3922 290 3988 ⁸Si
304 3922 400 4009 igitur
419 3923 472 3988 illa
486 3925 570 4010 quod
583 3924 677 3989 enixa
694 3932 753 4002 est,
779 3924 864 3990 omni
882 3925 975 3991 modo
995 3926 1078 3993 intra
1092 3929 1240 3996 Pleroma
1254 3932 1384 4021 ingredi·

280 4094 290 4126 ¹
308 4095 394 4159 Suppl.
402 4095 479 4155 rubus,
491 4098 515 4144 ἐν
523 4098 646 4156 τοιούτοις,
659 4097 783 4149 Serrana
832 4116 857 4151 re
867 4102 1012 4151 coneurtebct
1023 4103 1059 4152 od
1073 4104 1162 4165 lameri,
1177 4106 1213 4155 rut
1223 4107 1260 4156 ud
1270 4124 1332 4167 eum,
1346 4108 1385 4171 pai

279 4176 660 4243 ’Aberumoatemdeimpetu
675 4181 739 4243 quod
753 4190 785 4230 eet
832 4183 907 4232 οιῖοτι
928 4183 980 4246 ipsi
1001 4184 1108 4237 dederat.
1139 4187 1243 4238 Graan
1290 4189 1342 4240 But
1363 4193 1386 4250 ἐξ

231 4259 346 4309 animula
382 4260 586 4323 Superiuop.41.
622 4262 784 4323 Τὸδὲἐκτῆι
833 4265 906 4328 ὁρμῆς
922 4266 943 4314 is
959 4266 1111 4330 preferable3
1128 4284 1169 4318 see
1186 4286 1211 4334 p.
1226 4285 1265 4335 33.

231 4344 386 4404 ἐπιστροφῆς,
416 4345 430 4392 d
459 4342 489 4402 ἦν
516 4344 626 4406 ψυχικόν.
672 4345 784 4394 Alterum
882 4345 1088 4410 ³Sis'pitura'lln.
1116 4350 1257 4402 Thereisa
1273 4356 1386 4405 manifest

229 4439 284 4472 euro
300 4425 331 4472 de
346 4424 582 4487 accensionem
597 4432 650 4473 erat
665 4428 781 4477 aninmo.
832 4430 976 4494 corruption
990 4431 1016 4478 iu
1030 4432 1073 4480 the
1087 4436 1150 4494 text,
1163 4435 1292 4487 relerriblo
1306 4439 1387 4503 partly

230 4503 268 4552 Ba
278 4504 365 4566 quibus
375 4506 454 4568 liquet,
464 4522 511 4568 per
516 4506 632 4569 impetum
642 4506 683 4555 bic
694 4507 783 4557 iutelli-
832 4516 859 4560 to
871 4528 903 4560 an
915 4528 1047 4563 erroneoua
1057 4514 1163 4580 reading
1173 4518 1291 4569 followed
1302 4522 1336 4587 by
1346 4522 1387 4571 the

226 4585 334 4648 pendam
344 4602 392 4635 eoae
403 4594 500 4649 οιοιιιοι,
509 4604 555 4651 quo
567 4596 642 4637 limidi·
649 4589 782 4639 Ardumotd
831 4594 974 4656 translator,
987 4596 1037 4646 and
1048 4597 1133 4663 partly
1143 4604 1172 4649 to
1187 4601 1232 4651 the
1245 4603 1388 4669 neglissonoe
