2954 4986
240 329 304 395 196
708 337 918 392 SATURNINI

79 518 222 562 matuta

83 567 130 606 aa
140 564 157 603 1.
167 565 220 604 xxii.

99 612 205 652 uasat.
685 597 785 664 CAP.
811 596 949 662 XVIII.

107 660 165 697 uir.
177 659 193 696 1.

255 759 401 835 Relatio
426 761 501 859 ejus
526 786 603 858 quac
628 772 676 834 cst
702 757 900 833 sectandum
924 757 1174 834 Saturninum
1201 756 1387 831 doctrino.

325 932 376 996 Ex
405 956 444 996 us
471 933 689 1007 ¹Saturninus,
720 931 774 1016 qui
799 931 861 997 fuit
887 932 946 997 ²ab
972 931 1153 997 Antiochia
1184 953 1226 996 ea
1252 952 1329 1016 quae
1356 940 1407 996 est

243 1033 329 1118 apud
357 1033 526 1118 Daphnen,
552 1042 586 1097 et
610 1032 777 1107 Basilides,
804 1032 984 1097 occasiones
1007 1031 1214 1117 accipientes,
1244 1031 1406 1096 distantes

244 1133 406 1197 doctrinas
433 1133 661 1208 ostenderunt;
697 1133 780 1197 alter
810 1133 938 1217 quidem
960 1132 993 1195 in
1024 1132 1128 1218 Syria,
1154 1133 1242 1196 alter
1266 1153 1347 1195 vero
1374 1132 1407 1194 in

243 1232 467 1296 ³Alexandria.
520 1231 713 1296 Saturninus
730 1233 858 1317 quidem
872 1231 1017 1296 similiter
1033 1239 1071 1295 ut
1091 1232 1287 1308 Menander,
1307 1254 1406 1295 unum

245 1331 379 1396 Patrem
394 1332 592 1417 incognitum
609 1332 754 1396 omnibus
771 1332 923 1408 ostendit,
943 1332 996 1417 qui
1020 1331 1098 1396 fecit
1123 1331 1281 1418 Angelos,
1303 1332 1407 1396 Arch-

321 1523 456 1594 Τοῦτον
493 1520 681 1604 ποιήσαντα
724 1523 900 1614 ἀγγέλους,
949 1523 1197 1622 ἆρχαγγὲλους,
1246 1520 1404 1606 δυνάμεις,
1418 1552 1472 1636 pm.

246 1633 406 1730 ε’ξουσῖας.
456 1632 551 1706 Ἀπὸ
569 1633 604 1705 δὲ
623 1634 734 1706 4ἔστιν’
758 1667 853 1706 τινων
881 1637 1037 1727 ἀγγέλων
1059 1633 1122 1708 τάν
1146 1636 1279 1717 κόσμον
1308 1647 1469 1727 ‘me-'¹³¹‘

247 1753 372 1833 νῆσθαι,
397 1747 450 1817 καὶ
469 1749 580 1818 πάντα
598 1746 644 1819 τὰ
662 1749 694 1817 ἕν
714 1749 811 1838 αὐτῷ,
835 1748 887 1818 καὶ
913 1750 974 1845 adv
997 1747 1171 1847 ἄνθρωπον
1190 1746 1228 1818 dei
1245 1749 1407 1841 ἀγγέλων

247 1859 326 1933 εῖναι
359 1860 494 1945 ποίημα,
522 1859 641 1931 ἄνωθεν
670 1860 739 1930 dud
763 1868 820 1944 τῆς
845 1862 1015 1938 citrariae
1045 1868 1154 1960 φωνῆς
1180 1856 1224 1965 [l.
1248 1856 1405 1966 φαεινῆς]

246 1975 367 2050 εἰκόνος
403 1972 626 2072 ἐπιφανείσης,
666 1972 703 2056 ἣν
739 1984 924 2070 κατασχεῖν
958 1976 1002 2056 μὴ
1039 1971 1226 2057 δυνηθέντες
1264 1973 1321 2046 διὰ
1364 1975 1405 2047 rd

246 2082 454 2185 παραχρῆμά
496 2092 600 2185 φησιν
642 2083 840 2185 ἀναδραμεῖν
881 2084 1009 2171 ἄνωθεν,
1051 2088 1228 2157 ἐκέλευσαν
1276 2090 1405 2165 ἑαυτοῖς

245 2297 389 2385 angelos,
420 2294 580 2375 Virtutes,
612 2296 808 2364 Potestates.
855 2296 888 2361 A
917 2304 1040 2384 septem
1074 2305 1184 2364 autem
1212 2300 1402 2385 quibusdam

245 2396 381 2484 Angelis
412 2397 566 2461 mundum
599 2397 730 2473 factum,
756 2403 790 2461 et
824 2397 931 2461 omnia
960 2420 1030 2483 quae
1059 2398 1093 2462 in
1123 2421 1171 2464 eo.
1227 2400 1402 2466 Hominem

246 2505 356 2562 autem
373 2496 569 2582 Angelorum
586 2518 653 2560 esso
674 2496 842 2573 iacturam,
859 2497 1024 2562 desursum
1046 2520 1067 2563 a
1084 2520 1212 2565 summa
1238 2509 1402 2586 potestate

245 2596 351 2660 lucida
376 2595 514 2681 imagine
544 2605 730 2681 apparente,
755 2618 850 2680 quam
874 2597 963 2661 ⁵cum
985 2606 1096 2663 tenere
1118 2620 1184 2664 non
1208 2601 1400 2685 potuissent,

245 2694 360 2780 inquit,
381 2717 418 2759 eo
437 2695 521 2779 quod
538 2696 651 2759 statim
669 2695 840 2760 recurrerit
857 2719 991 2776 sursum,
1010 2697 1175 2764 adhortati
1191 2708 1271 2766 sunt
1287 2714 1402 2767 semet·

245 2920 288 2955 nce
306 2904 448 2969 pmmirc:
470 2904 498 2953 s'n
514 2903 662 2954 horothet
678 2919 702 2953 aa
723 2921 740 2953 c
756 2920 796 2953 sa·
845 2905 1155 2967 Αῖγυττονσυνεστήσαντο
1166 2911 1403 2975 θεομισῶναῖρέσεατ

242 3004 323 3053 pei-rso
344 2995 365 3037 et
386 3003 480 3036 ακοαιια
498 2992 608 3049 poosou
633 2986 744 3048 tapetum,
771 2992 798 3033 ct
847 2988 1010 3036 διδασκαλεῖα.
1046 2989 1110 3039 Eua
1127 2990 1163 3039 Η.
1180 2992 1210 3041 Ε.
1228 3004 1265 3042 IV.
1287 3006 1310 3055 7.
1345 2995 1402 3043 Err-

245 3070 398 3130 samosata,
418 3077 438 3118 st
455 3068 658 3132 iocormptibitos,
677 3076 698 3117 ει
716 3068 798 3116 statim
846 3079 965 3117 ruamus
986 3070 1046 3118 calls
1072 3072 1223 3123 Saturninus
1247 3077 1298 3125 and
1319 3077 1403 3128 Basili·

245 3149 798 3215 onomatonhcomporesyhm,quitopaiamc
846 3149 889 3198 des
906 3155 1082 3213 συσχολασταά.
1107 3154 1176 3204 Hoer.
1203 3171 1243 3218 23.
1290 3160 1337 3209 See
1353 3161 1402 3209 also

245 3235 295 3298 eius
306 3235 439 3283 institerint.
474 3235 552 3282 thar.
565 3234 596 3281 ds
607 3234 656 3282 Aa.
675 3245 713 3294 50.
846 3232 1084 3295 Turononar,Hoer.
1093 3237 1153 3286 Fut.
1162 3251 1180 3288 1.
1188 3253 1211 3299 3,
1220 3242 1304 3292 whose
1313 3245 1399 3305 words,

295 3315 374 3363 1Τλο
389 3332 462 3363 namo
477 3316 505 3363 ot
520 3315 569 3363 this
583 3315 675 3362 heretic
690 3315 711 3361 is
729 3313 796 3361 osten
846 3330 904 3364 now
925 3318 982 3366 that
999 3334 1036 3367 we
1053 3335 1096 3368 aro
1114 3321 1140 3368 in
1159 3326 1300 3386 possession
1319 3328 1402 3377 ottho

244 3395 344 3442 written
367 3396 400 3457 by
423 3394 505 3442 Greek
526 3395 630 3442 authors
651 3396 799 3456 Σατορνῖλσε
846 3401 902 3445 truc
913 3402 977 3459 text,
989 3399 1051 3448 need
1061 3401 1285 3467 notberepeatcd.

244 3477 449 3537 οτΣατορνεῖλοκ.
900 3478 1095 3531 8HIPPonYttttt
1118 3486 1209 3548 speaks
1231 3487 1262 3534 of
1282 3487 1401 3542 Basilides

294 3557 465 3603 Hrrronrrus
481 3555 555 3618 again
572 3555 681 3620 supplies
697 3573 712 3605 a
730 3556 797 3605 ralu-
846 3564 1282 3628 αεσκολάσαςκατάτὴιλάγυπσν.
1308 3571 1399 3623 Philas.

243 3638 299 3687 able
321 3654 431 3703 passage,
452 3639 532 3687 which
553 3638 585 3687 he
607 3639 747 3688 introduces
769 3656 797 3688 as
846 3655 947 3706 vr1.a7.

243 3720 355 3770 follows:
375 3723 534 3784 Σατορνεΐλοε
548 3722 575 3770 δέ
592 3739 628 3772 τις
644 3723 796 3780 συνακμάσας
894 3725 905 3757 ⁴
921 3727 947 3774 A
959 3727 1047 3776 notion
1060 3726 1161 3777 derived
1170 3730 1282 3796 through
1294 3733 1399 3783 Menan·

243 3803 280 3862 τῷ
302 3804 433 3863 Boucheton
456 3805 519 3852 κατὰ
544 3804 586 3852 τὸν
608 3805 681 3853 αὑτὸν
702 3804 793 3865 χρόνον,
845 3806 963 3856 derfrom
976 3808 1069 3869 Simon,
1084 3811 1207 3862 xviavh
1229 3813 1400 3865 Itisnotioed

243 3884 370 3946 διατρίψας
404 3886 430 3933 δὲ
463 3886 488 3933 ἐν
520 3888 553 3947 τῇ
580 3885 720 3947 Ἀντιοχείᾳ
753 3887 796 3944 τῆς
845 3905 914 3938 mora
924 3895 952 3939 at
962 3890 1030 3956 large
1040 3904 1070 3942 n.
1083 3893 1108 3941 ii,
1121 3894 1155 3942 iii.
1168 3895 1201 3945 xi.
1219 3897 1262 3945 xii

243 3963 337 4025 Συρίας,
364 3965 509 4026 ἐδογμάτισε
531 3968 632 4014 τοιαῦτα
655 3968 726 4016 ὁποῖα
756 3970 796 4015 καὶ
894 3971 1001 4024 “There
1017 3975 1039 4023 is
1058 3976 1139 4024 better
1156 3978 1288 4044 authority
1303 3979 1343 4029 for
1359 3981 1400 4030 the

242 4045 385 4107 Μένανδρος.
415 4047 490 4106 Λέγει
507 4046 585 4094 δεῖνα
597 4050 692 4110 πατέρα
704 4049 795 4109 άγνωσ·
846 4054 1007 4104 Benedictine
1017 4057 1120 4122 reading
1130 4059 1189 4108 here
1203 4061 1326 4122 followed,
1340 4065 1400 4112 than

241 4143 285 4175 τον
304 4128 353 4176 τοῖς
370 4127 445 4174 πᾶσιν
462 4126 586 4187 ὑπάρχειν,
604 4129 689 4176 τοῦτον
711 4132 793 4179 κτλ.
845 4138 885 4187 tor
906 4139 1024 4187 Gasns's
1046 4156 1100 4189 cum
1119 4143 1246 4205 οοκιίκειυ,
1270 4146 1401 4211 independ-

240 4221 289 4258 vn.
304 4209 343 4258 28.
845 4220 915 4283 ently
926 4221 1005 4270 ofthe
1016 4222 1132 4272 evidence
1143 4224 1171 4272 or
1180 4225 1225 4274 tha
1236 4226 1399 4288 Greektext3

288 4292 300 4323 ⁸
317 4293 451 4340 Eusunrus
463 4291 545 4341 writes
556 4291 618 4341 with
626 4293 669 4341 the
677 4294 758 4344 words
770 4295 799 4343 of
845 4301 888 4350 the
899 4301 979 4349 Voss„
995 4303 1053 4352 MS.
1066 4303 1112 4352 has
1123 4304 1166 4353 the
1176 4314 1279 4370 present
1289 4309 1398 4373 reading,

239 4373 366 4423 Insanus
380 4374 463 4424 belors
474 4375 534 4436 him,
549 4376 692 4437 Σατορνΐνάν
702 4395 730 4424 τε
742 4377 795 4424 ’Aa
844 4382 895 4432 and
916 4384 1054 4450 singrdarly
1072 4387 1172 4451 enough
1191 4388 1236 4437 the
1257 4389 1400 4440 cunnos!

238 4459 324 4518 τιοχέα
336 4459 399 4507 κατά
414 4459 491 4519 γένος,
504 4459 544 4505 καῖ
556 4458 699 4515 Βασιλείδην
713 4459 795 4517 ’Atei⁴
844 4463 902 4514 MS,
912 4466 992 4514 shows
998 4466 1115 4516 centiam
1123 4469 1216 4530 amad,
1227 4470 1277 4519 and
1288 4472 1400 4537 mphoed

238 4540 330 4598 ανδρέα,
347 4537 386 4599 ὧν,
399 4540 412 4589 ὁ
423 4541 467 4599 μὲν
484 4541 547 4589 κατὰ
561 4539 655 4601 Συρίαν,
673 4540 686 4587 ὀ
700 4541 726 4588 δὲ
743 4540 799 4589 κατ’
843 4542 870 4590 in
881 4543 924 4591 the
935 4560 1003 4593 sumo
1013 4544 1081 4594 hand
1092 4546 1154 4595 with
1166 4563 1223 4597 cum
1234 4556 1317 4599 taam.
