2954 4986
433 363 457 413 a
482 362 702 415 scmrnnnrs
728 361 887 415 ALLATA.
1172 346 1233 413 171

87 521 295 605 καλουμένας,
328 521 388 603 τὴν
416 519 476 604 μὲν
509 524 634 620 ὅρασιν,
669 524 729 605 τὴν
761 520 796 592 δὲ
823 521 929 605 dxciv,
959 521 1019 603 'riv
1051 519 1086 591 δὲ
1120 521 1238 619 Τρίτον
1250 533 1400 619 Ῑξξὲᾖηξῗῇ·

88 634 268 731 ὄσφρησιν,
288 633 342 703 καί
364 634 424 716 την
442 631 609 733 τετάρτην
631 641 754 726 γεῦσιν.
794 634 865 715 Τὴν
888 631 922 703 δὲ
945 631 1120 724 Ὀγδοάδα
1148 633 1236 731 φασί
1270 627 1376 711 ’ᾖῇᾖῆι

87 747 262 829 μηνύεσθαι
287 743 339 815 διὰ
360 752 424 816 τοῦ
445 746 618 844 ἆνθριύπου
647 744 758 824 ούτως·
802 743 901 821 άκοάς
929 743 988 828 μὲν
1015 745 1070 816 δύο
1099 747 1238 840 ἔχοντας

89 853 131 962 [l.
151 851 321 960 ἔχοντος],
341 859 394 928 καί
417 860 586 934 τοσαύτας
608 857 748 957 ὁράσεις,
768 860 816 928 ἔτι
837 890 877 929 τε
900 857 1083 956 ὀσφράσεις
1103 856 1166 941 δύο,
1184 857 1238 927 καί

88 967 208 1051 διπλῆν
228 976 348 1061 γεῦσιν,
364 977 483 1070 πικροῦ
500 1002 539 1041 τε
555 972 608 1041 καί
629 973 779 1062 γλυκέος.
804 969 917 1039 Ὅλον
934 969 969 1039 δὲ
988 970 1048 1042 τδν
1067 970 1240 1069 ἄνθρωπον

90 1084 204 1152 πᾶσαν
229 1083 290 1164 τὴν
314 1084 418 1153 εἰκόνα
444 1091 502 1165 τῆς
525 1081 763 1182 τριακοντάδος
787 1080 888 1158 οὕτως
910 1084 997 1178 ἔχειν
1020 1081 1238 1153 διδάσκουσιν·

89 1195 122 1262 ἐν
149 1192 209 1276 μὲν
237 1204 310 1270 ταῖς
334 1194 433 1294 χερσί
459 1193 510 1264 διὰ
534 1200 599 1266 τῶν
624 1194 790 1267 δακτύλων
815 1195 875 1276 την
901 1192 1017 1265 δεκάδα
1040 1193 1237 1294 βαστάζειν·

90 1306 123 1374 ἕν
155 1307 223 1395 ὅλῳ
256 1304 291 1376 δὲ
324 1313 378 1396 τῷ
405 1309 534 1390 σώματι
571 1311 613 1385 είς
646 1306 778 1378 δεκαδύο
812 1307 896 1389 με’λη
935 1305 1144 1407 διαιρουμὲνῳ
1178 1306 1239 1388 τὴν

91 1415 262 1488 δωδεκάδα.
311 1420 486 1519 Διαιροῦσι
516 1417 551 1489 δὲ
584 1419 677 1504 atet,
705 1417 856 1517 καθάπερ
892 1417 935 1489 τὸ
969 1428 1026 1502 τῆς
1063 1419 1239 1502 Ἀληθείας
1252 1439 1326 1489 ma

90 1527 239 1629 διῄρηται
269 1532 347 1630 παρ’
378 1532 490 1607 αύτοῖς
520 1543 592 1609 τοῖς
618 1528 659 1638 [l.
681 1537 776 1615 σῶμα
798 1555 826 1608 et
847 1543 911 1607 dele
927 1527 957 1636 ,]
990 1534 1131 1616 σώμασι,
1163 1530 1238 1629 περί

90 1642 131 1712 od
144 1646 390 1742 προειρήκαμεν.
419 1644 489 1727 Τήν
505 1676 545 1717 τε
564 1643 618 1715 οὖν
631 1643 788 1736 ὀγδοάδα,
802 1647 946 1745 ἅρῤητόν
965 1676 1004 1715 τε
1022 1646 1075 1715 καί
1093 1645 1240 1743 ἀόρατον

91 1752 200 1838 οὖσαν,
220 1756 254 1825 ἐν
273 1766 344 1831 τοῖς
361 1753 576 1852 σπλάγχνοις
594 1759 795 1856 κρυβομένην
816 1764 970 1830 νοεῖσθαι.

171 1888 203 1937 2.
248 1866 379 1938 Ἥλιον
401 1866 436 1938 δὲ
458 1867 560 1940 πάλιν
581 1868 642 1940 τὸν
658 1872 767 1961 με’γαν
786 1879 951 1971 φωστῆρα
978 1870 1011 1938 ἕν
1028 1873 1076 1960 τῇ
1090 1863 1239 1964 τετάρτῃ

90 1983 155 2051 τῶν
179 1983 304 2078 ἡμερῶν
333 1982 503 2072 γεγονέναι
536 1979 589 2051 διά
614 1980 675 2054 τὸν
703 1985 761 2064 τῆς
790 1981 952 2083 τετράδος
978 1979 1120 2080 ἆριθμδν
1147 1980 1240 2077 φύσι

90 2122 194 2162 κουσι.
238 2091 307 2174 Τῆς
335 2125 375 2164 τε
396 2101 519 2176 σκηνῆς,
541 2097 600 2175 τῆς
624 2094 687 2165 ὑπὸ
715 2095 881 2172 Μωΰσὲως
910 2092 1239 2174 κατασκευασθείσης,

92 2207 127 2274 αι’
143 2205 240 2275 αύλαὶ
260 2205 294 2274 ε’κ
311 2206 451 2291 βύσσου,
475 2207 528 2276 καί
553 2207 710 2289 ὑακίνθου,
736 2208 789 2277 καὶ
812 2209 997 2307 πορφύρας,
1019 2205 1072 2275 καί
1095 2205 1240 2274 κοκκίνου
1252 2233 1402 2326 gamunu.

92 2327 270 2408 γεγονυῖαι,
295 2317 355 2399 τὴν
382 2318 481 2399 αὐτὴν
508 2318 587 2417 παρ’
618 2320 727 2395 αύτοΐς
753 2318 921 2414 ἐπέδειξαν
948 2319 1063 2390 εἰκόνα.
1105 2316 1179 2386 Τόν
1202 2346 1242 2386 τε

91 2434 154 2499 τοῦ
180 2430 286 2527 ἱερέως
314 2428 449 2528 ποδήρη,
480 2432 648 2528 τέσσαρσι
678 2434 861 2529 στοιχείοις
893 2428 935 2538 [l.
954 2422 1108 2533 στίχοις]
1139 2429 1242 2499 λίθων

91 2590 144 2675 qui
175 2591 218 2656 sit
244 2591 278 2655 in
308 2591 438 2656 cerebro
469 2592 566 2668 locus,
596 2614 636 2657 ex
662 2591 741 2678 ¹quo
769 2595 912 2660 defluant
939 2596 1074 2660 virtutes
1104 2599 1242 2678 quatuor

90 2690 262 2755 secundum
285 2690 455 2777 imaginem
480 2714 625 2776 supernae
651 2694 795 2770 tetradis,
820 2717 890 2780 qua·
911 2703 1074 2772 vocantur,
1093 2715 1156 2758 una
1173 2692 1242 2778 qui·

90 2789 163 2853 dem
192 2790 279 2865 visio,
306 2790 409 2854 altera
439 2798 547 2856 autem
576 2793 713 2868 auditus,
744 2795 843 2859 tertia
872 2797 1033 2870 odoratus,
1064 2802 1097 2859 et
1125 2800 1243 2878 quarta

90 2889 240 2973 gustatio.
294 2889 538 2954 Octonationem
557 2899 665 2956 autem
686 2893 794 2958 dicunt
821 2894 990 2980 significari
1007 2916 1065 2979 per
1081 2893 1242 2957 hominem

91 2987 155 3052 aio:
189 3010 283 3054 aures
312 2989 440 3074 quidem
474 2991 553 3054 duas
579 2991 759 3066 habentem,
791 3000 824 3057 et
854 2993 990 3057 totidem
1019 2992 1111 3067 visus,
1137 2990 1241 3056 adhuc

92 3086 190 3151 etiam
223 3088 425 3153 odorationes
454 3091 542 3165 duas,
571 3097 606 3154 et
636 3090 793 3175 duplicem
823 3091 1048 3176 gustationem,
1079 3089 1180 3154 amari
1207 3097 1242 3155 et

93 3185 202 3252 dulcis.
255 3187 373 3253 Totum
391 3197 499 3253 autem
516 3188 675 3253 hominem
693 3211 819 3253 omnem
840 3190 1011 3277 imaginem
1031 3187 1242 3254 triacontadis

93 3284 279 3351 dehabere
305 3288 440 3353 docent:
475 3288 508 3351 in
533 3288 678 3353 manibus
704 3289 831 3373 quidem
857 3312 914 3374 per
939 3289 1057 3376 digitos
1089 3288 1242 3352 decadem

92 3384 253 3471 bajulare:
281 3387 314 3451 in
331 3394 402 3453 toto
420 3395 527 3452 autem
544 3409 685 3472 corpore,
704 3411 775 3452 cum
793 3389 825 3453 in
842 3413 887 3453 xn
912 3390 1055 3454 membra
1070 3388 1240 3464 dividatur,

93 3483 317 3551 duodecadem.
371 3485 527 3552 Dividunt
553 3500 659 3551 autom
679 3487 768 3567 illud,
791 3490 1056 3574 quemadmodum
1083 3487 1242 3553 Veritatis

93 3586 178 3668 apud
196 3607 250 3650 eos
271 3586 405 3650 divisum
424 3594 474 3651 est
495 3608 617 3671 corpus,
638 3587 679 3650 de
702 3610 764 3672 quo
788 3588 1001 3673 praediximus.
1054 3587 1243 3673 Ogdoadem

93 3691 210 3759 autem,
222 3693 255 3750 et
272 3686 517 3751 inenarrabilem
534 3693 568 3750 et
583 3685 778 3764 invisibilem,
790 3687 822 3751 in
835 3688 1006 3752 visceribus
1023 3687 1244 3752 absconditam

92 3780 235 3871 intelligi.

165 3888 197 3950 2.
226 3884 333 3949 Solem
361 3906 486 3971 quoque
516 3884 642 3961 iterum,
672 3885 725 3970 qui
759 3885 802 3950 sit
836 3907 987 3973 magnum
1013 3885 1177 3966 luminare,
1209 3885 1242 3950 in

92 3994 208 4067 quarta
238 3984 361 4049 dierum
391 3984 459 4049 fieri
492 3994 623 4069 propter
648 3986 902 4071 quaternationis
927 4008 1094 4050 numerum
1120 3987 1240 4051 dicunt.
1255 4007 1405 4055 neaeman,

92 4082 301 4149 Tabernaculi
328 4106 462 4170 quoque,
490 4085 573 4170 quod
600 4106 620 4149 a
646 4084 761 4170 Moyse
786 4086 996 4172 compositum
1019 4093 1077 4160 est,
1096 4086 1180 4150 atria
1202 4054 1381 4149 domm

91 4180 192 4268 bysso,
212 4192 246 4248 et
266 4184 446 4269 hyacintho,
465 4199 499 4248 et
519 4206 669 4269 purpura,
688 4192 721 4249 et
740 4185 867 4250 coccino
888 4186 984 4260 sacta,
1002 4186 1135 4249 eandem
1157 4185 1243 4268 apud

92 4303 144 4347 eos
161 4283 371 4348 ostenderunt
388 4282 567 4369 imaginem.
595 4282 777 4349 Sacerdotis
795 4307 920 4370 quoquo
937 4285 1088 4369 poderem
1106 4291 1244 4369 quatuor
1255 4307 1320 4399 ρίοα
1331 4308 1405 4347 :aaa

89 4424 168 4487 brain,
192 4425 242 4474 and
270 4426 312 4474 the
337 4426 394 4474 four
416 4426 495 4475 rivers
515 4425 559 4474 the
579 4424 643 4488 seua·
692 4426 780 4476 Mune.
794 4439 824 4478 ιι.
842 4428 919 4476 MSS.
934 4442 1007 4489 agree
1021 4427 1047 4474 iu
1064 4426 1113 4473 this
1132 4424 1243 4488 reading.

89 4522 178 4556 senaa.
214 4506 511 4567 lamentarentur.
528 4520 551 4570 9.
692 4507 813 4559 Fnuann.
843 4509 898 4558 first
918 4507 1017 4571 printed
1040 4521 1089 4569 quc
1110 4506 1175 4554 after
1202 4506 1246 4555 the

138 4587 148 4620 ¹
164 4587 219 4637 The
233 4587 344 4649 cunam,
359 4588 477 4648 Asnam,
490 4587 571 4650 Voss,
590 4586 641 4636 and
692 4587 781 4637 Greek.
