2954 4986
242 305 308 368 356
519 315 611 378 QUAE
639 316 839 368 RATIONEM
865 315 1126 368 EXSUPERANT

82 490 224 574 uranon
243 471 417 547 enuntiant,
442 467 651 533 assimilantes
676 489 749 532 enm
775 467 934 531 hominum
964 467 1059 531 verbo
1089 465 1282 530 emissionis.
1335 464 1394 529 Hoc

76 564 230 668 Offlssflfflt·
242 585 347 638 autem
370 573 452 636 idem
474 579 506 635 et
530 571 569 634 de
591 570 767 635 substantia
788 570 927 634 materiae
943 569 1094 644 dieentes,
1113 590 1179 633 non
1198 567 1393 653 peccabimus,

99 676 200 720 ‘'wll-⁷·
243 675 389 760 quoniam
419 673 506 737 Deus
536 694 605 736 eam
635 673 773 758 protulit.
834 672 1010 736 Didicimus
1036 671 1123 735 enim
1155 693 1196 735 ex
1229 669 1393 754 Scriptnris,

241 777 449 864 principatum
464 785 570 840 tenere
585 797 678 860 super
697 775 801 838 omnia
816 774 931 839 Deum.
968 773 1065 837 Unde
1086 782 1209 847 autem,
1231 772 1279 836 vel
1301 793 1395 855 quem·

241 880 410 944 admodum
424 878 528 943 emisit
550 900 629 956 eam,
647 899 747 962 neque
765 877 925 962 Scriptura
938 875 1042 960 aliqua
1057 877 1219 960 exposuit,
1235 896 1334 959 neque
1347 894 1395 937 nos

242 981 472 1067 ¹phantasmari
488 988 620 1066 oportet,
636 1002 675 1044 ex
694 980 888 1065 opinionibus
903 979 1034 1065 propriis
1056 979 1184 1041 infinita
1204 977 1394 1064 conjicientes

241 1085 280 1149 de
296 1084 380 1158 Dco;
402 1084 457 1148 sed
471 1083 662 1171 agnitionem
677 1083 758 1147 hanc
772 1083 1000 1148 concedendam
1015 1103 1084 1146 esse
1097 1081 1182 1146 Deo.

689 1364 791 1429 OAP.
816 1363 951 1427 XLlll.

243 1518 431 1610 Quomodo
448 1519 633 1594 Dominus
650 1517 818 1617 quedem
836 1517 997 1591 concedit
1008 1515 1136 1608 Patri,
1151 1529 1185 1590 et
1198 1542 1280 1614 quire
1293 1542 1395 1590 causo

318 1649 367 1711 est
392 1649 546 1734 propter
576 1662 688 1734 ortem
714 1632 814 1708 diem
839 1647 871 1708 et
897 1634 1029 1708 horum
1059 1660 1085 1706 a
1115 1632 1266 1707 neritinae
1292 1632 1395 1706 altere

317 1750 481 1849 cognosci
498 1749 562 1841 uit,
582 1749 656 1824 ruisi
672 1776 697 1822 u
714 1748 785 1823 solo
804 1748 932 1822 Putre.

243 1919 272 1978 1.
320 1915 504 1980 Srurmrsn
520 1923 626 1979 autern
641 1923 673 1979 et
688 1935 814 1979 minam
829 1884 955 1998 propter
968 1933 1071 1996 quarn,
1088 1933 1162 1976 cum
1177 1913 1286 1976 omnia
1299 1935 1319 1976 a
1335 1912 1397 1976 Deo

241 2017 326 2082 lacta
348 2017 422 2095 sint,
447 2017 591 2101 quaedam
618 2016 742 2101 quidem
764 2025 958 2101 transgressa
978 2022 1063 2092 sunt,
1085 2022 1119 2079 et
1141 2015 1361 2079 abscesserunt
1379 2035 1397 2077 a

241 2119 302 2184 Dei
321 2121 533 2205 subjectione;
551 2118 694 2203 quaedam
708 2126 823 2194 autem,
840 2118 902 2182 imo
918 2115 1059 2201 plurima,
1076 2125 1354 2200 perseveraverunt
1368 2124 1397 2179 et

240 2232 438 2308 perseverant
459 2221 492 2284 in
517 2221 709 2307 subjectione
732 2222 799 2305 ejus
821 2220 873 2304 qui
895 2219 987 2283 fecit:
1011 2229 1043 2282 et
1066 2219 1157 2302 cujus
1181 2227 1305 2283 naturae
1328 2227 1397 2283 sunt

240 2347 311 2410 quae
323 2334 518 2410 transgressa
529 2332 613 2401 sunt,
623 2324 713 2408 cujus
723 2332 829 2387 autem
838 2330 957 2385 naturae
969 2343 1038 2406 quae
1054 2330 1267 2406 perseverant,
1279 2322 1398 2386 ²cedere

240 2437 363 2514 oportet
378 2428 448 2492 Deo
464 2437 496 2492 et
512 2427 620 2492 Verbo
635 2428 712 2512 ejus,
728 2427 778 2491 cui
793 2433 825 2490 et
843 2425 900 2490 soli
918 2425 1014 2489 dixit:
1038 2425 1116 2488 Sede
1133 2447 1153 2488 a
1175 2426 1294 2489 dentem
1316 2427 1396 2500 meis,

239 2530 431 2618 quoadusque
454 2552 573 2617 ponem
602 2531 742 2594 inimicos
772 2539 837 2593 tues
866 2527 1092 2613 suppedaneum
1119 2527 1240 2611 pedum
1268 2537 1398 2591 tuorum.

240 2633 309 2697 Nos
323 2641 428 2696 autem
443 2633 545 2697 adhuc
560 2632 593 2696 in
608 2641 691 2697 terra
705 2639 933 2707 conversantes,
947 2630 1085 2694 nondum
1095 2629 1273 2694 assidentes
1287 2630 1397 2694 throno

78 2756 173 2797 icen
183 2759 212 2796 m
239 2737 317 2821 ejus.
356 2735 426 2799 Etsi
436 2736 519 2800 enim
532 2737 670 2821 Spiritus
686 2735 864 2811 Salvatoris‚
880 2734 932 2818 qui
948 2733 980 2796 in
994 2755 1032 2797 eo
1046 2741 1105 2809 est,
1115 2733 1396 2806 serutaturomnio,

76 2861 88 2944 ἑ
96 2859 213 2945 opt-xus
241 2847 270 2905 et
283 2837 462 2902 altitudines
476 2839 551 2916 Dei,
565 2839 621 2904 sed
635 2847 786 2925 quantum
804 2839 845 2902 ad
860 2859 927 2914 nos,
944 2837 1107 2900 nieutona
1118 2837 1301 2920 gratiarum
1320 2845 1395 2909 aurs,

88 2931 95 2951 ¹
241 2950 270 3006 et
281 2941 444 3006 dieuienes
459 2942 708 3019 ririnisterierune,
725 2950 754 3005 et
772 2941 933 3004 divisimus
948 2937 1167 3023 operat-ionum,
1184 2944 1217 3000 et
1232 2958 1292 3001 nos
1306 2958 1397 3022 super

76 3058 219 3099 meratit-
241 3054 367 3124 terram,
378 3046 638 3133 quemadmodum
653 3053 685 3109 et
702 3045 820 3108 Paulus
831 3043 885 3120 ait,
898 3064 934 3106 eu
944 3052 1036 3127 porte
1049 3039 1173 3126 quidem
1188 3041 1395 3125 cognoscimus,

240 3159 270 3214 et
290 3171 328 3213 eu
340 3160 435 3234 porte
448 3149 677 3234 prophetamus.
723 3147 811 3211 Sicut
832 3146 927 3232 igitur
946 3167 985 3208 ex
1006 3152 1094 3228 parte
1109 3142 1338 3229 cognoscimus,
1353 3143 1396 3206 sio

239 3260 272 3316 et
299 3252 338 3315 de
365 3251 516 3316 universis
534 3249 757 3335 quaestionibus
778 3248 945 3313 concedere
966 3254 1087 3331 oportet
1109 3245 1148 3320 ei,
1173 3243 1226 3329 qui
1249 3265 1290 3308 ex
1312 3253 1397 3329 parte

238 3361 367 3439 praestat
382 3354 471 3417 nobis
484 3353 626 3439 gratiam.

306 3460 335 3517 2.
381 3454 535 3534 Quoniam
561 3456 685 3538 quidem
704 3456 983 3542 transgressoribus
1006 3453 1087 3540 ignis
1114 3461 1253 3517 aeternus
1277 3473 1396 3537 praepa-

239 3565 326 3620 ratus
348 3563 407 3632 est,
434 3563 467 3618 et
492 3555 646 3619 Dominus
670 3558 833 3624 manifeste
858 3559 948 3635 dixit,
972 3566 1004 3622 et
1027 3556 1154 3642 reliquae
1181 3555 1396 3619 demonstrant

240 3658 420 3743 Scripturae.
466 3658 510 3722 Et
540 3659 685 3744 quoniam
712 3663 849 3745 praesciit
884 3661 972 3725 Deus
997 3659 1056 3723 hoc
1078 3659 1230 3728 futurum,
1256 3656 1396 3721 similiter

238 3761 454 3825 demonstrant
471 3760 649 3846 Scripturas,
666 3763 926 3846 quemadmodum
941 3771 975 3826 et
990 3761 1094 3849 ignem
1109 3768 1265 3824 arternum
1280 3759 1331 3822 his
1345 3756 1396 3841 qui

288 3948 499 3998 ¹Pltontosneori.
534 3948 587 3997 The
609 3949 745 3997 translator
767 3951 792 3997 in
893 3949 954 3998 ’So
978 3950 1021 3997 the
1043 3948 1143 3996 Cum.
1169 3946 1227 3996 MS.
1254 3946 1347 3994 Cedere
1371 3960 1395 3992 er

239 4030 337 4095 despair
353 4031 382 4078 ol
395 4030 539 4093 expressing
556 4029 653 4093 exsctly
667 4032 709 4079 the
726 4031 793 4079 force
845 4028 951 4077 Feunrd.
974 4028 1084 4090 margine
1100 4034 1121 4074 et
1138 4026 1195 4074 MS.
1218 4025 1279 4075 Voss.
1302 4023 1395 4088 reposui

238 4115 267 4162 of
282 4115 452 4175 φαντάζεσθαι,
467 4112 585 4159 invented
600 4113 642 4160 the
657 4113 792 4160 barbarous
840 4127 888 4173 pro
905 4111 1010 4169 credere,
1031 4109 1092 4171 prtia
1106 4124 1161 4156 ἠοω
1177 4108 1298 4170 reperitur:
1317 4109 1358 4157 Sic
1372 4112 1395 4153 et

238 4201 302 4244 term
325 4197 350 4243 in
374 4196 417 4243 the
439 4198 501 4253 text,
523 4194 565 4241 the
585 4194 749 4256 genuineness
767 4195 795 4242 of
843 4193 874 4240 de
902 4192 1023 4239 universis
1053 4189 1232 4253 questionibus
1266 4190 1395 4238 concedere

238 4278 319 4325 which
342 4275 450 4339 scarcely
468 4274 558 4322 admits
578 4274 607 4321 ol
627 4289 677 4336 any
697 4273 792 4333 doubt;
843 4273 984 4337 oportetei.
1014 4271 1155 4319 Etiterum:
1168 4271 1303 4319 Dimittere
1314 4272 1395 4332 itaque

238 4359 320 4406 unless
332 4358 420 4405 indeed
431 4358 474 4406 tho
486 4356 704 4405 translatorwmte
712 4354 794 4416 pleon·
843 4353 1103 4417 oportetagnitionem
1116 4352 1181 4400 hanc
1194 4352 1258 4400 Deo.
1289 4352 1395 4413 Denique

236 4438 325 4485 teriori
332 4443 342 4486 l
361 4439 403 4485 the
420 4437 525 4500 analogy
542 4437 570 4484 ol
582 4436 661 4484 which
673 4436 693 4483 is
709 4443 754 4484 not
765 4453 792 4484 ro
842 4433 945 4496 seqroerrti
961 4449 987 4495 p.
1023 4433 1094 4481 Tales
1113 4434 1265 4496 quaestiones
1279 4432 1393 4481 conceda·

238 4518 329 4575 harah,
347 4519 435 4567 butes.
445 4519 576 4580 plosrnnrr.
842 4533 898 4563 mus
911 4516 973 4563 Deo.
1010 4516 1111 4564 Garun.
