2954 4986
382 368 433 420 nu
459 368 688 423 suanenses
714 370 975 433 curusnouns.
1172 357 1257 422 303,

549 636 649 702 OAP.
674 638 780 707 XIX.

138 791 293 883 eroestio
311 790 356 868 cle
374 791 474 868 oncni
489 793 607 892 specie
624 790 834 886 emissionis,
854 807 887 868 ct
902 792 949 869 cle
966 791 1189 869 Pleromatis

508 910 809 1009 inconsequentia.

148 1077 178 1139 1.
223 1074 467 1139 annnrsnun
481 1082 587 1140 autem
601 1096 659 1140 nos
673 1075 713 1139 ad
728 1075 908 1161 praedictam
923 1073 1124 1140 emissionum
1138 1097 1239 1161 quaes-

82 1176 210 1242 tionem.
258 1177 302 1241 Et
317 1177 415 1262 primo
438 1177 561 1264 quidem
583 1177 688 1242 dicant
707 1178 798 1243 nobis
812 1198 938 1242 causam
953 1177 1128 1264 hujusmodi
1144 1177 1239 1243 emis-

82 1277 180 1342 sionis
209 1279 363 1356 AEonum‚
390 1287 426 1343 ut
455 1277 530 1342 nibil
559 1289 692 1365 tangant
715 1301 822 1344 eorum
851 1301 920 1366 quae
944 1288 1018 1344 sunt
1041 1279 1237 1346 conditionis.

84 1379 158 1443 Non
173 1379 256 1444 enim
271 1379 322 1443 illa
337 1388 462 1465 propter
477 1380 685 1446 conditionem
705 1383 813 1447 dicunt
834 1382 927 1461 facta,
950 1382 1006 1448 sed
1029 1382 1238 1447 conditionem

83 1491 210 1569 propter
232 1481 301 1547 illa:
325 1491 358 1547 et
380 1505 443 1547 non
466 1483 518 1548 illa
540 1483 650 1548 horum
672 1483 834 1571 imagines,
856 1485 912 1550 sed
933 1485 1001 1550 haec
1024 1484 1146 1550 illorum
1169 1507 1239 1551 esse

82 1586 202 1652 dicunt.
249 1587 517 1669 Quemadmodum
539 1586 633 1674 igitur
654 1587 826 1674 imaginum
844 1609 970 1652 causam
984 1589 1118 1653 reddunt
1133 1588 1239 1654 dicen-

82 1697 143 1770 tes,
156 1713 296 1756 mensem
315 1691 439 1778 quidem
454 1691 583 1778 triginta
604 1691 719 1756 habere
737 1691 803 1756 dies
817 1700 943 1777 propter
956 1691 1086 1779 triginta
1101 1692 1238 1770 AEonas,

82 1803 116 1860 et
136 1795 219 1860 diem
244 1796 406 1862 duodecim
433 1796 536 1875 horas,
563 1804 596 1861 et
619 1818 736 1860 annum
761 1796 925 1861 duodecim
953 1817 1086 1873 menses,
1112 1805 1240 1883 propter

83 1898 246 1964 duodecim
267 1901 393 1964 AEonas
416 1921 485 1985 quae
505 1907 580 1964 sunt
602 1898 685 1964 intra
706 1898 861 1978 Pleroma,
886 1909 919 1965 et
943 1921 1134 1986 quaecunque
1158 1899 1240 1965 ¹alia

82 2003 236 2079 delirant;
260 2025 342 2068 nunc
366 2002 471 2067 dicant
496 2003 587 2068 nobis
613 2025 740 2069 caussam
765 2003 859 2068 istam
884 2004 1029 2068 AEonum
1054 2002 1238 2081 emissionis,

83 2110 157 2197 quid
172 2111 245 2197 quia
259 2110 343 2175 iacta
357 2117 406 2173 est
420 2109 511 2174 talis:
535 2118 661 2196 propter
675 2110 749 2196 quid
763 2118 870 2174 numm
884 2110 984 2195 prima
998 2118 1031 2175 et
1045 2098 1239 2197 archegonoe

83 2214 222 2277 omnium
237 2213 394 2278 octonatio
409 2211 524 2277 emissa
545 2221 605 2287 est,
628 2221 661 2277 et
675 2235 738 2277 non
758 2212 872 2299 quinio,
888 2212 936 2278 vel
950 2213 1083 2289 trinitas,
1098 2222 1154 2278 aut
1167 2235 1238 2299 sep-

82 2315 212 2393 tenatio,
227 2324 283 2380 aut
296 2307 413 2400 aliquid
427 2336 543 2392 eorum,
560 2336 630 2401 quas
645 2315 677 2379 in
691 2315 823 2380 alterum
838 2337 1000 2379 numerum
1014 2315 1238 2382 confiniunturt

84 2417 130 2482 Ει
148 2417 222 2505 quid
236 2418 309 2504 quia
322 2440 361 2482 ex
379 2418 467 2504 Lego
481 2425 513 2482 et
534 2419 601 2483 Zoe
620 2418 727 2483 decem
748 2418 853 2483 emissi
875 2427 950 2484 sunt
967 2420 1103 2498 AEones,
1125 2427 1157 2484 et
1175 2441 1238 2486 non

83 2521 187 2608 plures
209 2530 264 2586 aut
286 2521 406 2586 minus:
431 2528 464 2586 et
484 2543 591 2586 rursus
612 2544 652 2587 ex
667 2522 835 2608 Anthropo
855 2530 888 2588 et
908 2521 1051 2588 Ecclesia
1065 2523 1237 2602 duodecim,

1280 541 1333 582 ΗΒ.
1343 542 1371 582 1n

1291 589 1334 626 xix·
1345 591 1362 628 l.

1263 635 1306 674 GR
1318 636 1345 674 11.
1354 646 1391 675 xa.

1270 681 1347 767 Massi
1355 682 1385 722 11.

1292 737 1327 767 xv.
1348 753 1355 767 .

1252 800 1400 813 --—

83 2648 153 2691 cum
166 2633 294 2712 possent
307 2624 340 2690 e't
353 2625 431 2704 haec,
447 2633 502 2690 aut
516 2625 585 2711 plus
599 2634 655 2691 aut
669 2626 772 2690 minus
786 2625 874 2692 fierit
911 2625 1100 2691 Universum
1115 2648 1238 2714 quoque
1293 2638 1300 2652 ‘

83 2728 238 2807 Pleroma,
255 2729 328 2815 quid
343 2729 449 2815 utique
461 2728 651 2815 tripartitum
665 2738 714 2795 est
728 2730 761 2793 in
775 2730 1015 2809 octonationem,
1030 2738 1064 2796 et
1078 2731 1238 2810 decadem,

80 2842 113 2899 et
135 2833 364 2898 duodecadem:
389 2841 422 2898 et
442 2854 506 2898 non
527 2833 659 2898 nlterum
680 2834 835 2921 quendam
849 2842 963 2921 praeter
982 2835 1040 2900 hos
1055 2837 1239 2900 numemmt

82 2936 128 3002 Et
149 2935 259 3001 divisio
280 2944 386 3000 autem
410 2934 478 3021 ipsa
501 2935 576 3022 quid
602 2937 710 3024 utique
734 2936 865 3015 intres,
893 2945 926 3002 et
952 2959 1015 3002 non
1035 2938 1068 3001 in
1092 2946 1236 3025 quatuor,

80 3039 128 3104 vel
147 3038 292 3125 quinque,
317 3037 453 3115 selaeu,
478 3036 526 3103 vel
551 3037 583 3101 in
603 3038 736 3102 alterum
763 3038 917 3124 quendam
942 3040 1025 3103 iacta
1048 3047 1098 3103 est
1129 3060 1239 3103 nume-

81 3165 150 3206 rum
172 3142 249 3206 nihil
270 3147 457 3228 ²tangentee
482 3163 589 3206 eorum
615 3163 822 3220 numerorum,
849 3141 902 3228 qui
932 3149 1006 3206 sunt
1029 3141 1238 3206 conditionis?

81 3245 257 3330 antiquiora
279 3244 362 3310 enim
385 3244 456 3309 ³illa
475 3243 524 3309 his
546 3244 664 3322 dicunt,
685 3251 718 3310 et
741 3251 864 3330 oportet
884 3265 923 3308 ea
945 3243 1102 3331 propriam
1123 3244 1238 3310 habere

129 3433 140 3465 ¹
157 3433 265 3483 Ifollow
276 3433 319 3482 the
329 3432 432 3496 reading
443 3432 472 3481 os
479 3433 522 3480 the
533 3431 633 3482 Omni.
684 3434 727 3482 the
738 3433 836 3495 former,
848 3451 877 3484 aa
894 3435 969 3498 being
979 3434 1134 3495 antecedent,
1148 3434 1237 3484 should

80 3516 131 3564 and
142 3516 175 3563 its
186 3514 291 3563 satellite
302 3515 346 3563 the
356 3513 438 3563 Voss.
451 3513 509 3564 MS.
540 3514 634 3563 Genua
684 3515 715 3564 be
734 3516 901 3582 independent
922 3518 951 3566 nl
970 3517 1013 3566 the
1034 3517 1110 3566 latter
1131 3518 1156 3566 in
1172 3518 1239 3566 their

79 3598 169 3662 adopts
180 3598 223 3646 the
239 3598 346 3646 Annum
359 3596 462 3660 reading
477 3596 546 3645 tolio.
582 3596 634 3645 But
684 3597 818 3646 numerical
839 3598 1011 3662 peculiarities
1045 3598 1097 3646 The
1115 3598 1196 3647 AEons
1212 3599 1242 3647 of

80 3681 127 3728 ὅσα
139 3681 204 3727 ἀλλα
216 3678 307 3727 sounds
319 3682 384 3726 most
394 3677 444 3726 like
455 3678 497 3726 the
509 3677 599 3728 Greek.
683 3679 727 3726 the
744 3678 858 3726 Pleroma
869 3695 911 3726 are
927 3679 1057 3742 expressed
1073 3680 1107 3743 by
1123 3695 1139 3727 a
1149 3686 1239 3730 neuter

129 3759 140 3791 ²
155 3767 281 3822 tangentes,
293 3760 413 3823 referring
424 3764 451 3807 ιο
462 3759 505 3807 the
516 3760 633 3808 numbers
684 3759 764 3822 plural
772 3760 796 3807 in
804 3760 846 3808 the
853 3760 989 3823 beginning
997 3760 1078 3808 ofthis
1087 3763 1236 3826 paragraph.

79 3842 221 3906 previously
232 3840 333 3905 implied
344 3841 369 3888 in
381 3840 424 3888 the
435 3845 557 3898 sentence,
572 3856 594 3899 4,
607 3850 632 3899 5,
683 3840 736 3889 The
746 3840 861 3889 brackets
872 3841 1016 3890 introduced
1028 3842 1061 3905 by
1072 3843 1175 3904 Graan,
1188 3845 1239 3895 and

79 3922 102 3983 6,
117 3941 163 3973 can
181 3940 236 3973 sum
254 3940 287 3972 no
300 3923 406 3972 number
416 3922 473 3970 that
488 3921 633 3984 symbolicos
683 3919 791 3983 adopted
818 3919 852 3982 by
879 3919 1008 3967 Missum
1035 3921 1085 3969 and
1113 3921 1237 3984 Sulcum,

78 4023 129 4072 arry
139 4006 260 4071 principal
272 4006 340 4053 work
357 4022 385 4053 or
398 4009 455 4068 part
471 4004 500 4052 oi
514 4004 632 4063 mention,
683 4002 764 4049 which
776 4000 861 4049 served
873 4006 900 4049 ιο
911 4016 983 4065 carry
994 4018 1027 4050 on
1038 4003 1081 4051 the
1092 4019 1162 4052 sense
1173 4004 1238 4052 from

79 4105 106 4137 as
128 4105 203 4138 scaen
224 4089 264 4137 lor
286 4089 398 4135 instance
415 4102 483 4134 sums
505 4086 549 4134 the
571 4086 633 4150 days
684 4083 1048 4143 conditabnirtceomeutientcr,
1062 4101 1103 4133 are
1114 4086 1238 4134 cancelled

79 4170 108 4218 of
122 4171 165 4219 the
181 4171 251 4219 week
270 4169 319 4218 and
339 4170 381 4217 the
398 4168 503 4232 planeta,
525 4168 568 4216 dcc.
588 4167 631 4217 luc.
683 4182 711 4214 as
722 4182 800 4214 worse
810 4166 872 4214 than
884 4165 988 4223 useless3
1000 4166 1143 4214 oneandall
1152 4167 1238 4229 ignore

79 4252 200 4316 Compare
217 4252 260 4300 the
280 4251 387 4315 opening
409 4251 437 4298 ol
457 4251 507 4298 this
529 4250 631 4309 section,
683 4249 725 4297 the
736 4248 858 4312 difficulty
869 4247 999 4296 contained
1010 4248 1036 4295 in
1047 4247 1089 4295 the
1100 4249 1238 4298 connexion

77 4333 142 4381 nibil
165 4340 266 4397 tangunt
290 4349 371 4381 eorum
394 4348 446 4395 φη
470 4339 526 4381 aunt
549 4331 631 4380 eondi-
683 4330 712 4378 of
724 4331 768 4378 the
787 4330 836 4378 last
853 4330 922 4378 three
940 4329 1022 4376 words
1040 4329 1101 4377 with
1119 4329 1162 4377 the
1179 4345 1237 4378 con·

79 4414 157 4464 tiouia
682 4416 745 4471 text,
759 4412 805 4460 but
816 4412 858 4459 the
869 4427 939 4459 sense
950 4410 1000 4458 will
1012 4410 1068 4458 best
1081 4410 1111 4458 be
1124 4410 1237 4459 attaincd

126 4495 137 4528 ³
165 4497 225 4555 Illo,
249 4496 369 4558 referring
387 4501 415 4543 tn
438 4496 481 4544 the
503 4494 585 4543 AEons
606 4494 635 4543 of
682 4494 791 4557 through
803 4494 845 4542 the
857 4493 947 4551 Greek,
962 4494 1028 4541 οὐδὲν
1045 4493 1238 4550 eatamptrom

79 4579 121 4627 the
141 4579 263 4641 Pleroma,
279 4578 319 4626 leis
333 4583 359 4628 ιο
374 4578 459 4641 things
474 4583 563 4639 create,
582 4576 633 4626 and
683 4577 730 4624 τῶν
741 4577 784 4635 τῆς
795 4575 893 4627 κτίσεως
905 4575 1016 4637 ἀριθμῶν,
1030 4571 1178 4638 ἀρχαιότερα
1188 4577 1237 4638 γὰρ
