2954 4986
422 363 448 415 n
472 365 694 419 scnnrums
718 365 880 420 suasus.
1171 351 1234 421 173

84 527 268 625 θῦρῖσκθτᾶί
302 527 335 596 ἕν
365 536 439 603 ταῖς
476 534 636 626 γραφαῖς,
674 527 863 619 ὑπάγεσθαι
902 523 1058 610 δυνάμενα
1095 530 1138 604 εἰς
1173 527 1234 599 τδν
1253 540 1392 628 gffllgvl}

83 635 224 736 ἆριθμδν
258 642 325 710 τῶν
357 637 452 722 άκτέο,
481 638 524 710 τδ
557 644 741 736 μυστήριον
770 648 828 721 τῆς
860 636 1024 729 ὀγδοάδος
1052 641 1233 737 ἐκπληροῦν
1269 632 1374 717 {dissid

82 751 251 842 λέγουσιν.
298 750 412 820 Ἀλλά
435 751 487 821 καὶ
511 752 572 835 τήν
595 751 713 822 δεκάδα
742 751 957 833 σημαίνεσθαι
988 750 1040 822 διά
1062 757 1128 823 τῶν
1158 750 1232 822 δέκα
1252 753 1397 765 ⁸—-

10 908 12 917 ·
82 863 188 946 έθνῶν,
215 863 258 933 ὧν
288 863 520 955 ἐπηγγείλατο
544 867 563 935 ὁ
587 864 671 940 Θεὸς
694 871 748 952 τῷ
768 860 930 960 Ἀβραάμ
958 867 1000 940 εἷς
1024 864 1234 959 κατάσχεσιν

83 973 201 1057 δοῦναι,
227 976 378 1066 λέγουσι·
407 976 460 1046 καὶ
480 977 541 1059 τήν
565 977 641 1075 περὶ
665 978 804 1074 Σάῤῥαν
821 974 855 1044 δὲ
873 977 1067 1060 οἰκονομίαν,
1086 981 1126 1053 ὡς
1145 974 1233 1059 μετά

82 1088 139 1169 ἔπη
170 1085 245 1157 δέκα
276 1085 405 1158 δι’δωσιν
439 1090 528 1180 αῦτῷ
563 1089 624 1173 τήν
657 1091 770 1171 έαυπιῖς
799 1086 916 1169 δούλην
944 1087 1075 1187 Ἀγαρ,
1108 1090 1160 1159 ἵνα
1196 1086 1235 1182 ἐξ

83 1200 180 1281 adroic
215 1205 492 1283 τεκνοποιήσηται
527 1201 570 1273 τὸ
603 1200 685 1273 αῦτδ
717 1200 844 1284 δηλοῦν.
894 1201 964 1272 Καὶ
998 1205 1016 1272 ὁ
1047 1200 1164 1278 δοῦλος
1198 1199 1233 1271 δέ

80 1309 246 1410 Ἀβραάμ
267 1313 433 1412 πεμφθεὶς
453 1315 506 1384 ε’πὶ
532 1314 719 1402 Ῥεβέκκαν,
747 1314 800 1385 καὶ
821 1313 876 1383 ε’πὶ
901 1321 955 1404 τῷ
973 1315 1097 1415 φρέατι
1129 1311 1233 1391 διδοῦς

82 1424 169 1516 αὐτῇ
190 1421 325 1517 ψέλλια
351 1432 483 1525 χρυσῶν
509 1425 594 1511 δέκα,
618 1429 671 1498 καὶ
697 1431 730 1497 οἵ
750 1424 895 1524 ἀδελφοὶ
918 1428 1014 1508 αῦτής
1033 1427 1233 1522 κατέχοντες

81 1535 181 1617 αῦτήν
205 1537 260 1606 ε’πὶ
287 1536 362 1609 δέκα
385 1541 514 1638 ἡμέρας·
546 1541 597 1611 έτι
621 1573 660 1612 τε
680 1539 835 1628 Ῥοβοάμ
856 1540 897 1650 [I.
916 1531 1120 1641 Ἱεροβοάμ]
1142 1540 1160 1608 ὁ
1186 1536 1232 1610 τά

82 1644 157 1717 δέκα
177 1651 336 1749 σκῆπτρα
354 1654 545 1740 λαμβάνων,
564 1652 618 1723 καὶ
638 1655 696 1734 τῆς
719 1659 833 1736 σκηνῆς
855 1657 890 1726 αἱ
913 1649 988 1721 δέκα
1013 1653 1154 1734 αῦλαῖαι,
1177 1651 1231 1720 καὶ

83 1763 116 1830 οἶ
142 1762 263 1832 στῦλοι
294 1765 327 1833 οἱ
351 1761 552 1860 δεκαπήχεις,
579 1765 631 1835 aul
660 1767 693 1836 oi
718 1763 792 1835 δέκα
827 1767 888 1838 vioi
915 1763 1048 1849 Ἰακὼβ,
1086 1762 1140 1832 ἐπὶ
1172 1763 1233 1843 'adv

82 1871 161 1954 άνήν
189 1879 253 1944 τοῦ
278 1876 377 1947 σι’του
406 1874 449 1948 τδ
479 1882 614 1976 πρῶτον
648 1880 690 1954 εἷς
718 1876 901 1969 Αἴγυπτον
930 1876 1147 1973 πεμφθέντες,
1177 1875 1231 1945 καὶ

81 1988 115 2055 oi
142 1982 218 2056 δέκα
251 1987 482 2073 Ἀπόστολοι,
512 1987 559 2066 οἷς
592 1995 792 2089 φανεροῦται
830 1989 916 2077 μετὰ
953 1988 1015 2070 τήν
1049 1989 1184 2085 ἔγερσιν
1213 1989 1231 2058 ὁ

82 2097 214 2195 Κύριος,
251 2106 313 2172 τοῦ
346 2102 451 2185 θωμᾶ
488 2102 533 2186 μή
567 2104 743 2202 παρόντος,
780 2105 841 2187 τήν
876 2106 1024 2203 ἆόρατον
1061 2098 1233 2171 διεπῦπουν

81 2210 153 2281 κατ’
174 2213 289 2289 αῦτοῦς
318 2212 446 2285 δεκάδα.

162 2346 194 2412 3.
247 2325 319 2409 Τήν
349 2325 524 2398 δνοδεκάδα
553 2326 597 2411 δέ,
628 2329 702 2426 περὶ
733 2327 770 2413 izv
798 2332 851 2401 καὶ
883 2328 926 2401 τδ
959 2332 1141 2424 μυστήριον
1170 2329 1234 2396 τοῦ

83 2436 208 2515 πάθους
233 2444 297 2510 τοῦ
323 2442 553 2538 ὑστερήματος
579 2440 761 2532 γεγονέναι,
782 2439 820 2536 ἐξ
840 2444 880 2514 οῦ
894 2443 1018 2518 πάθους
1037 2437 1082 2512 τά
1102 2437 1233 2527 βλεπό-

81 2579 162 2632 μενα
182 2554 443 2624 κατεσκευάσθαι
463 2553 624 2636 θέλουσιν,
648 2554 812 2639 ἐπισήμως
835 2556 889 2626 καὶ
908 2559 1055 2656 φανερῶς
1074 2550 1233 2649 πανταχῆ

82 2784 198 2850 obduci
236 2808 328 2871 posse
370 2786 411 2850 ad
452 2808 618 2850 numerum
660 2794 817 2860 octavum,
855 2788 1042 2874 mysterium
1076 2786 1232 2874 ogdoadis

81 2885 254 2970 adimplere
268 2885 388 2951 dicunt.
424 2885 489 2951 Sed
507 2893 540 2950 et
557 2887 709 2952 decadem
725 2887 895 2974 significari
911 2911 969 2973 per
985 2888 1094 2952 decem
1107 2893 1229 2972 gentes,
1242 2895 1338 2990 2323st
1348 2896 1372 2936 ¹⁹

83 3006 161 3069 quas
176 2985 322 3070 promisit
347 2984 436 3051 Deus
458 2986 598 3050 Abrahae
622 2986 654 3049 in
677 2987 905 3070 possessionem
928 2988 1015 3057 darc,
1039 2987 1169 3051 dicunt:
1196 2993 1230 3050 et

82 3082 262 3170 ¹dispositio
287 3107 359 3170 quoe
385 3093 435 3150 est
458 3085 632 3150 secundum
665 3085 789 3161 Sarum,
824 3086 982 3172 quomodo
1015 3091 1089 3169 post
1120 3083 1230 3148 decem

83 3204 182 3248 annos
198 3184 257 3249 dat
272 3184 301 3248 ei
318 3184 464 3249 ancillam
480 3207 568 3249 suam
587 3183 688 3270 Agar,
706 3191 744 3249 ut
765 3207 805 3249 ex
830 3207 868 3250 ea
889 3183 989 3248 lilium
1011 3181 1118 3253 iaciat,
1144 3182 1228 3247 idern
1242 3197 1367 3237 acarna

82 3281 267 3369 significare.
320 3284 366 3350 Et
380 3306 487 3348 servus
510 3291 617 3348 autern
643 3284 809 3349 Abraham
833 3284 945 3349 missus
968 3283 1010 3346 ad
1037 3281 1228 3357 Rebeccam,

83 3389 116 3446 et
130 3405 226 3468 super
241 3391 374 3469 puteum
396 3383 476 3448 dans
496 3383 525 3447 ei
551 3381 689 3448 armillas
715 3406 883 3449 aureorum
907 3383 1026 3455 decem,
1053 3388 1087 3447 et
1112 3382 1228 3446 iratres
1240 3387 1358 3480 23⁶3&

83 3480 149 3566 ejus
165 3490 312 3548 tenentes
335 3505 405 3548 eam
427 3483 459 3548 in
484 3482 551 3547 dics
570 3483 689 3557 decem,
714 3485 818 3549 adhuc
839 3482 936 3549 etiam
960 3482 1146 3558 Jeroboam,
1173 3480 1249 3567 qui¹
1304 3497 1385 3536 ¹uu-

83 3580 191 3647 decem
208 3591 336 3667 sceptra
352 3583 485 3668 accepit,
503 3589 538 3646 et
554 3583 750 3648 tabernaculi
774 3585 883 3650 decem
906 3580 999 3655 atria,
1017 3588 1052 3646 et
1073 3581 1227 3646 columnas
1239 3542 1392 3629 {tttl'll

83 3678 191 3746 decem
217 3681 406 3757 cubitorum,
433 3689 467 3748 ct
492 3682 602 3746 decem
627 3682 682 3746 lilii
707 3681 812 3748 Jacob
838 3683 879 3747 ad
905 3680 1098 3766 emptionem
1128 3679 1226 3744 tritici
1240 3634 1386 3767 Ξῗέήήῗ

82 3778 185 3862 prima
201 3779 269 3846 vice
285 3781 317 3845 in
335 3782 514 3868 AEgyptum
532 3780 627 3855 missi,
646 3789 679 3848 et
697 3782 806 3847 decom
824 3779 981 3867 Apostoli.
998 3779 1112 3865 quibus
1128 3779 1228 3844 mani-

81 3877 218 3944 festatur
240 3888 313 3966 post
337 3880 600 3945 resurrectionem
621 3878 787 3953 Dominus,
806 3903 878 3946 cum
896 3879 1034 3944 Thomas
1056 3900 1121 3943 non
1145 3883 1372 3944 metm-¹²³⁴

81 3999 230 4061 praesens,
248 3979 434 4045 invisibilem
452 3980 675 4066 defigurabant
692 3981 864 4045 secundum
883 4002 936 4044 eos
951 3978 1113 4046 decadem.

156 4082 188 4145 3.
216 4077 441 4144 Duodecadem
458 4087 576 4153 autern,
596 4101 672 4166 erga
696 4102 791 4164 quam
815 4087 849 4145 et
875 4079 1060 4164 mysterium
1077 4076 1229 4162 passionis

81 4175 179 4243 Labis
206 4178 310 4253 fuisse,
340 4200 381 4243 cx
409 4201 472 4265 qua
501 4178 646 4263 passione
672 4178 806 4245 visibilia
832 4178 990 4244 fabricata
1016 4199 1083 4241 esse
1108 4176 1228 4250 volunt,

80 4275 245 4363 signanter
257 4285 291 4343 et
308 4278 560 4344 manifestissime
576 4276 712 4362 positam
729 4279 846 4365 ubique
863 4279 994 4343 dicunt:
1011 4285 1049 4341 ut
1064 4274 1229 4339 duodecim
1240 4269 1393 4361 ffiffi'fl

129 4491 299 4557 ¹Dirpouitio.
338 4491 392 4544 The
413 4492 515 4558 reading
536 4490 566 4543 of
586 4490 631 4542 tha
680 4492 804 4542 thesense
814 4493 922 4556 requires
933 4489 977 4539 the
991 4486 1138 4546 accusative,
1151 4484 1233 4535 which

80 4574 192 4636 cmm,
204 4577 322 4637 Asnam,
334 4575 415 4638 Voss,
428 4576 516 4626 Mane.
524 4586 553 4625 n.
577 4573 631 4624 But
681 4573 811 4623 Massuar
823 4574 868 4623 has
879 4571 1016 4637 expressed.
