2954 4986
540 362 783 416 PRAES'I'IGIAE.
1184 351 1248 414 115

89 520 216 614 ἔχοντι,
246 522 287 596 ὡς
316 519 506 620 πρόδρομος
541 521 584 592 ab
618 523 746 605 άληθῶς
775 529 837 593 τοῦ
868 523 1136 623 ῚιἈντιγρίστου
1164 525 1414 626 doro-Lffi'jffll

34 667 39 676 ·
90 629 262 702 δέδεικται.
316 631 372 702 Τά
398 631 466 732 γάρ
490 631 714 728 αἈναξιλάου
740 637 879 726 παίγνια
901 643 949 730 τῇ
968 643 1034 708 τῶν
1062 639 1250 727 λεγομένων
1263 631 1414 719 mslssffll‘

89 739 206 834 μάγον
244 746 440 844 πανουργίᾳ,
477 746 649 841 συμμίξας,
687 745 726 816 δι’
760 748 865 820 ου’τῶν
903 747 1083 850 φαντάζων
1116 781 1157 822 τε
1193 750 1247 820 καῖ

89 858 251 946 μαγεύων,
274 859 318 934 εἷς
337 856 494 952 ἔκπληξιν
517 859 594 935 τοὺς
615 857 760 957 ὅρωντιίς
784 893 824 931 τε
843 860 896 930 καῖ
924 864 1133 943 πειθομένους
1158 864 1251 952 αὐτῷ

90 970 294 1067 περιέβαλεν
295 1023 537 1041 .......
575 971 624 1041 Oi
657 970 691 1041 δὲ
716 969 761 1043 τά
791 971 860 1042 ι’ςπδ
886 975 1077 1072 περιεργίας
1106 977 1245 1073 ὁρῶντες

90 1079 225 1151 δοκοιῖσι
247 1080 391 1164 δυνάμεις
410 1081 500 1160 τινδς
520 1085 553 1153 ε’ν
570 1084 689 1182 χερσῖν
709 1085 811 1155 aris-ori
832 1087 1060 1157 ἐπιτελεῖσθαι
1086 1139 1243 1157 .....

89 1192 164 1263 Τδν
194 1191 263 1293 γάρ
290 1200 363 1266 νοῦν
390 1195 443 1266 καῖ
474 1196 568 1268 αδτοῖ
594 1197 822 1274 ἆπολὲσαντες
848 1199 910 1294 οὐχ
935 1200 1036 1297 ὁρῶσι
1060 1199 1105 1281 μὴ
1124 1201 1243 1290 γινώσ-

87 1337 202 1382 κοντες
241 1305 426 1392 δοκιμάσαι,
464 1310 517 1380 ὅτι
551 1307 620 1379 ιἰπδ
651 1310 790 1401 μαγείας
820 1313 837 1391 ἦ
866 1312 1030 1388 σύστασις
1066 1317 1129 1383 τοιῖ
1163 1311 1241 1411 παρ’

88 1419 192 1488 αὐτοῦ
209 1420 372 1511 παιγνίου,
393 1424 432 1496 ὡς
450 1423 529 1496 ἔπος
549 1424 658 1504 εἰπεῖν,
677 1422 891 1493 ἐπιτελεῖται.

167 1552 199 1599 2.
236 1531 414 1631 3Ποτνῖρια
429 1534 502 1623 οῖνιρ
514 1534 710 1632 4κεκραμένα
723 1536 1006 1633 προσποιούμενος
1022 1535 1239 1633 εὐχαριστεῖν,

87 1741 204 1807 bilibus
230 1751 264 1808 et
293 1744 334 1808 ab
362 1743 625 1810 inenarrabilibus
652 1744 728 1810 loeis
754 1745 935 1822 habentem,
952 1746 1038 1820 feeit,
1065 1769 1241 1832 praecursor

88 1842 178 1927 quasi
208 1865 282 1908 vere
309 1844 448 1908 existens
477 1844 679 1910 antichristi.
731 1845 877 1910 Anaxilai
905 1846 988 1910 onim
1019 1846 1141 1911 ludicra
1169 1869 1240 1911 oum

86 1941 232 2027 nequitia
248 1965 369 2018 eorum,
388 1944 442 2028 qui
465 1944 614 2009 dicuntur
631 1945 726 2031 magi,
743 1945 955 2020 commiscens,
974 1968 1032 2031 per
1053 1945 1121 2010 haeo
1143 1947 1237 2011 virtu·

87 2048 138 2105 tes
163 2042 317 2127 perficere
339 2051 473 2127 putatur
496 2044 581 2130 apud
607 2065 670 2119 eos,
701 2045 754 2130 qui
775 2067 901 2109 sensum
924 2067 987 2111 nou
1004 2045 1134 2124 habeut,
1161 2053 1195 2111 et
1220 2068 1240 2110 a

86 2151 195 2205 mento
212 2163 270 2205 sua
286 2152 497 2207 excesserunt.

162 2244 194 2303 2.
245 2239 311 2305 Pro
328 2241 425 2306 oalioe
441 2242 524 2305 enim
542 2242 613 2308 vino
631 2243 733 2309 mixto
750 2245 872 2331 fingens
892 2267 924 2309 se
940 2243 1061 2331 gratias
1077 2267 1181 2332 egere,
1207 2252 1241 2312 et

85 2437 212 2496 omission,
226 2439 323 2487 neither
335 2439 502 2487 Euffnsmus
516 2455 562 2487 nor
572 2439 637 2487 ΗΙΡ-
689 2443 730 2490 καί
747 2443 884 2504 ἁγιωτάτον
901 2443 1029 2505 Εἰρηναίου
1045 2443 1101 2491 κατ’
1112 2444 1186 2491 αι’ντοΰ
1197 2445 1240 2492 τοῦ

86 2529 203 2566 marrus
220 2521 345 2582 reeognise
361 2521 437 2579 them,
456 2521 506 2569 and
523 2522 584 2584 they
597 2536 639 2568 aro
689 2524 796 2586 Μάρκον,
816 2525 856 2572 καὶ
878 2526 926 2572 τῶν
948 2526 973 2584 έξ
1002 2526 1076 2572 αὐτοῦ
1101 2525 1240 2586 ὁρμωμένων

85 2601 189 2649 omitted
201 2602 227 2650 ln
238 2603 281 2650 the
293 2603 392 2652 Guxuu.
405 2603 455 2651 and
466 2603 546 2652 Voss.
560 2602 636 2651 MSS.
689 2607 916 2666 πραγματευθεῖσιν·
924 2607 994 2655 άτινα
1001 2609 1103 2656 ἐνταῦθα
1115 2609 1173 2669 τρδς
1184 2610 1240 2657 ἔπος

84 2682 145 2744 they
168 2699 231 2731 were
252 2685 358 2748 perhaps
381 2685 513 2748 suggested
540 2685 574 2749 by
596 2686 639 2734 the
690 2683 800 2730 ἐκθέσθαι
817 2685 963 2744 ἐσπούδασα,
983 2686 1023 2732 καῖ
1038 2686 1091 2733 έστι
1106 2686 1174 2732 τάδε·
1194 2685 1239 2746 φά-

84 2763 179 2811 similar
189 2766 343 2828 expressions
354 2766 380 2813 in
390 2782 415 2814 ν.
426 2766 439 2824 5
452 2780 472 2827 3.
688 2781 740 2813 σκει
754 2766 803 2826 γὰρ
814 2767 900 2825 αὐτοῖς,
915 2766 988 2828 (forte
1000 2765 1079 2828 αἰσδς)
1092 2768 1216 2829 Εἰρηναῖος
1227 2768 1239 2815 δ

135 2846 145 2878 ¹
164 2847 300 2912 Evidently
322 2849 347 2895 in
369 2849 473 2897 allusion
500 2854 528 2896 to
558 2849 635 2898 Matt.
688 2845 838 2907 ἅγιοςέντῷ
849 2848 987 2909 ὑποφαίνειν
997 2849 1029 2896 τά
1046 2846 1088 2895 ὑπ’
1107 2850 1185 2895 αὐτῶν
1201 2850 1239 2895 λε-

85 2929 152 2979 xxiv.
164 2943 202 2990 24,
215 2929 403 2992 Ἐγερθήσονται
413 2931 462 2992 γάρ
470 2931 637 2992 ψευδόχριστοι
686 2928 784 2987 γάμενα,
809 2930 889 2989 λέγων
910 2929 990 2978 οὕτως.
1026 2929 1196 2977 Hmouxuus
1218 2931 1239 2978 is

84 3013 124 3058 aral
143 3014 348 3073 ψευδοπροφῆται,
369 3014 409 3060 καὶ
426 3013 528 3061 δώσουσι
550 3014 638 3071 σημεῖα
687 3008 745 3057 here
756 3009 803 3056 less
815 3009 887 3069 olose,
899 3010 939 3057 his
949 3014 1005 3058 text
1015 3010 1168 3058 thereforsia
1183 3027 1239 3058 eon·

83 3096 184 3154 μεγάλα
201 3096 241 3141 καί
259 3096 357 3156 τέρατα,
379 3094 442 3143 ὥστε
465 3095 595 3152 πλανῆσαι,
617 3096 638 3141 εἰ
687 3089 752 3137 flned
774 3095 801 3137 to
823 3090 865 3137 the
887 3096 964 3138 notes.
1000 3089 1042 3137 Ηο
1059 3105 1131 3152 says:
1151 3092 1191 3138 rol
1210 3093 1239 3150 δὴ

84 3175 192 3233 δννατδν,
206 3176 246 3222 καί
257 3176 454 3224 τούςέκλεκτούς.
688 3170 805 3218 πολλάκις
826 3170 956 3230 λαμβάνων
978 3171 1091 3231 ποτήριον
1117 3170 1147 3219 ὡς
1169 3173 1237 3231 εδχα-

132 3254 144 3286 ¹
171 3256 267 3305 (ἕως
289 3256 382 3321 rightly
403 3256 568 3305 understsnds
593 3256 636 3304 the
686 3252 782 3310 ριστῶν,
802 3251 842 3298 καὶ
859 3251 898 3298 en
915 3252 999 3298 πλεῖον
1015 3251 1124 3298 imber
1140 3251 1181 3299 τδν
1200 3252 1238 3300 λά

83 3337 175 3385 author
184 3342 212 3385 to
222 3338 324 3386 referto
336 3338 391 3386 that
403 3337 538 3387 Anaxilaus
554 3337 636 3385 whose
686 3350 731 3394 γον
737 3334 780 3392 τῆς
788 3334 944 3393 ἐπικλήσεως,
952 3335 1085 3395 πορφύρεον
1091 3335 1119 3382 τδ
1131 3335 1238 3396 κέρασμα

84 3420 232 3467 recreatione
257 3420 281 3467 in
311 3420 409 3468 natural
429 3420 511 3483 magio
532 3435 574 3467 are
595 3419 635 3467 ‹le-

83 3497 179 3546 soribed
190 3497 225 3561 by
236 3497 330 3555 Pulhx,
344 3496 444 3546 temese
461 3496 600 3545 Διιακίῖαυν
610 3511 636 3544 oo

84 3577 212 3639 (ιιιίρλυτε
232 3576 275 3639 τε.)
299 3576 404 3625 condens
419 3577 447 3624 ιἰι
469 3577 543 3626 calice
563 3592 631 3636 ηοιο,

687 3415 761 3463 έποίει
783 3415 918 3476 φαίνεσθαι,
943 3416 984 3464 καί
1006 3432 1067 3463 ποτε
1085 3413 1137 3479 [καί
1160 3415 1238 3480 πόμα]

686 3497 788 3557 ἐρυθρὸν,
803 3497 832 3546 ὡς
844 3498 920 3545 δοκεῖν
929 3499 984 3546 roba
995 3498 1163 3556 ἀπατωμένους
1179 3497 1239 3562 [τοῖς

687 3576 861 3641 άπατωμένοις]
872 3579 943 3640 χάριν
954 3594 1007 3625 τινα
1024 3579 1131 3627 κατιέναι
1147 3581 1186 3627 καί
1204 3582 1238 3628 αῖ-

82 3675 213 3722 ρτιιμοσιιε
222 3659 318 3708 αιδάῖίο
330 3657 507 3720 circumferens,
522 3658 629 3706 επατάα·
685 3659 786 3717 ματώδη
808 3660 904 3717 δύναμιν
921 3660 1035 3721 παρέχειν
1053 3661 1089 3720 τῷ
1106 3660 1235 3719 σάματι...

86 3747 158 3795 oenoe
173 3759 319 3808 ιυριτσυινιι,
330 3742 450 3805 pallorem
466 3741 557 3801 diram,
573 3742 635 3790 velat

85 3827 261 3890 άείυιιαοιτιια,
274 3825 408 3889 madente
417 3824 528 3874 οαπιάιάι.
556 3825 632 3873 an.

83 3910 149 3960 Hise
164 3910 197 3959 N.
210 3921 293 3958 xxxv.
310 3923 354 3972 ¹53
370 3925 410 3957 see
420 3908 472 3956 also
483 3907 518 3956 H.
532 3907 565 3955 N.
576 3918 632 3955 x1x.

86 4010 114 4055 ¹3
131 4006 229 4044 xxvm.
247 4008 291 4053 ¹13
309 4003 406 4040 xxxm.
423 4005 459 4039 10.

130 4071 142 4104 ⁸
159 4072 335 4131 Emmmus,
352 4086 380 4119 as
397 4069 493 4117 Gula:
510 4067 633 4128 observes,

81 4170 189 4218 engages
200 4160 227 4203 to
243 4154 300 4218 give
315 4153 437 4201 verbatim
454 4152 496 4200 the
512 4150 592 4199 words
609 4150 637 4199 ol

82 4237 216 4295 laxamus,
228 4236 309 4284 which
320 4234 351 4283 he
362 4233 420 4282 does
426 4237 492 4282 most
498 4232 632 4296 faithfully,

81 4317 242 4382 introducing
252 4317 294 4366 the
304 4331 409 4382 passage
420 4315 479 4364 with
491 4314 533 4363 the
543 4314 634 4362 follow·

80 4400 125 4463 ing
136 4398 232 4448 words:
245 4399 313 4460 Ἐγὼ
323 4399 400 4447 τοίνυν
410 4398 448 4446 iro
458 4399 493 4456 μὴ
509 4397 541 4446 είς
558 4398 634 4444 δεύτε-

80 4498 122 4542 ρον
148 4481 257 4539 κάματον
280 4482 364 4530 έαυτδν
386 4481 466 4539 έπιδῶ,
491 4479 634 4540 άρκεσθῆναι

81 4564 129 4611 δεῖν
137 4563 269 4623 ἡγησάμην
279 4564 328 4613 τοῖς
339 4564 388 4611 tro
399 4563 442 4611 τοῦ
451 4561 634 4623 μακαριωτάτου

680 3741 724 3789 Ὃς
735 3741 775 3788 καῖ
784 3741 896 3801 ποτήριον
908 3739 962 3803 παρ’
970 3742 1052 3803 ἑτέρου
1063 3743 1152 3803 κιρνῶν,
1162 3743 1237 3791 έδίδου

685 3823 779 3882 γυναικί
791 3823 947 3883 εὐχαριστεῖν,
962 3824 1032 3871 αὐτὸς
1044 3826 1177 3885 παρεστὼς,
1197 3826 1237 3873 καί

687 3905 766 3964 ἕτερον
783 3905 875 3965 κρατῶν
893 3904 981 3952 ἐκείνου
1002 3906 1088 3964 μεῖζον,
1109 3908 1181 3965 κενδν,
1197 3907 1237 3954 καὶ

689 3985 897 4047 εὐχαριστησάσης
919 3987 962 4045 τῆς
984 3987 1149 4047 άτατινμένης,
1171 3989 1236 4048 δεξά·

688 4084 756 4126 μενος
770 4069 853 4129 ἐπέχει
868 4068 900 4117 εἱς
915 4069 957 4116 τδν
972 4070 1050 4128 μάζαν,
1068 4069 1108 4116 καὶ
1120 4070 1238 4119 πολλάκις

688 4151 835 4211 άντεπιχέων
855 4151 935 4210 ἔτερον
958 4150 989 4198 είς
1011 4151 1097 4211 ἕτερον,
1122 4151 1237 4212 ἐπέλεγεν

686 4231 769 4281 οὕτως,
802 4231 871 4279 Thon
887 4229 983 4278 follows
999 4229 1042 4278 the
1057 4230 1197 4279 invoostion
1210 4247 1237 4279 as

686 4315 713 4362 in
725 4314 909 4371 Emeum&
927 4311 977 4359 and
988 4310 1173 4374 subsequently,
1186 4312 1237 4359 Kal

686 4396 788 4445 τοιαῦτά
798 4412 851 4442 τινα
860 4395 964 4443 ἐπειπὼν
975 4394 1016 4440 καί
1026 4391 1145 4451 έκστήσας
1156 4392 1202 4450 τήν
1209 4408 1238 4439 τε

687 4477 846 4535 άπατωμένην
855 4477 894 4524 καί
903 4475 957 4522 τοὺς
965 4473 1092 4536 παρόντας,
1107 4471 1138 4521 ὥς
1146 4473 1236 4532 θαυμα·

686 4559 781 4608 τοποιδς
799 4559 924 4614 ένομὶζετο,
943 4555 986 4603 τοῦ
1001 4555 1105 4614 μείζονος
1120 4558 1237 4621 formias

1053 4644 1144 4708 8-2
