2954 4986
243 334 309 397 118
731 347 916 399 sanucrra

74 520 229 606 sssshjfflfr
244 512 375 600 ἡγεῖται
412 510 576 604 μετόχους
611 516 669 590 τῆς
712 505 853 605 χάριτος
887 508 996 589 attat,
1033 508 1258 605 προφητεύειν
1299 516 1393 577 ποιεῖ.

76 613 230 699 uasspaffl·
245 618 416 692 Μάλιστα
436 619 504 718 ’γὰρ
523 619 598 719 περὶ
616 631 768 711 γυναῖκας
791 620 1003 716 ἀσχολεῖται,
1026 619 1079 690 καὶ
1102 621 1231 690 τούτων
1251 613 1393 724 [τοῦτο]

80 732 228 744 ——
244 731 306 810 τάς
335 734 549 831 εῦπαρύφους,
580 732 634 802 καὶ
667 734 945 831 περιπορφύρους,
976 732 1031 802 καὶ
1063 729 1331 814 πλουσιωτάτας,
1359 731 1394 806 ἃς

246 843 409 922 πολλάκις
443 842 632 937 ὑπάγεσθαι
672 846 876 944 πειρώμενος,
914 846 1095 915 κολακεύων
1132 845 1238 943 φησὶν
1273 845 1393 919 αῦταῖς·

247 956 462 1029 Μεταὸοῦυαύ
483 989 539 1028 σοι
564 960 649 1028 θέλω
668 965 726 1040 τῆς
749 959 824 1040 ἐμῆς
841 954 991 1054 χάριτος,
1012 955 1121 1039 &etth
1144 958 1163 1027 ὁ
1188 956 1315 1054 Πατὴρ
1332 961 1394 1028 τῶν

247 1071 333 1141 ὅλων
363 1069 424 1141 τὸν
461 1069 612 1162 άγγελόν
643 1101 706 1140 σου
734 1068 914 1146 διαπαντὸς
950 1071 1073 1157 βλέπει
1110 1067 1179 1168 πρὸ
1213 1070 1394 1167 προσώπου

246 1186 362 1254 αὑτοῦ·
408 1185 426 1252 ὁ
461 1180 496 1252 δέ
531 1183 638 1258 τόπος
667 1186 730 1253 τοῦ
764 1183 939 1274 ιμε’γέθους
969 1183 1000 1251 έν
1033 1186 1107 1265 ἡμῖν
1138 1183 1214 1252 ἐστι
1245 1180 1284 1251 δι’
1316 1184 1393 1263 ἡμᾶς

246 1296 500 1386 ἐγκαταστῆσαι
522 1289 563 1399 [l.
584 1293 632 1364 tet
650 1296 732 1378 ἡμᾶς
746 1294 782 1364 έν
801 1288 1046 1398 καταστῆσαι]
1076 1291 1246 1381 Λάμβανε
1263 1299 1393 1392 πρῶτον

246 1407 303 1477 ἄπ’
335 1409 420 1491 έμοῦ,
449 1407 502 1477 καὶ
530 1405 568 1476 δι’
593 1408 673 1489 έμοῦ
696 1407 757 1490 την
785 1403 895 1505 χάριν.
943 1405 1161 1506 Εύτρέπισον
1189 1407 1340 1488 σεαυτὴν,
1357 1410 1393 1482 ὣς

247 1521 356 1618 νύμφη
388 1517 580 1615 ἐκδεχομένη
609 1518 671 1591 τὸν
704 1521 845 1618 νυμφίον
871 1521 993 1602 έαυτῆς,
1018 1520 1070 1590 ἵνα
1101 1519 1159 1613 έση
1190 1519 1209 1589 ὃ
1242 1519 1319 1610 ἐγὼ,
1343 1519 1392 1588 καὶ

245 1631 312 1724 ἐγὼ
337 1632 355 1703 ὃ
380 1632 430 1702 σύ.
471 1630 685 1730 Καθίάρυσου
712 1633 744 1701 έυ
768 1635 817 1721 τῷ
843 1632 988 1730 νυμφῶυί
1012 1663 1074 1702 σου
1100 1629 1143 1703 τό
1172 1632 1312 1731 σπέρμα
1336 1637 1395 1702 τοῦ

247 1745 370 1843 φωτός.
413 1741 516 1832 Λάβε
546 1744 624 1842 παρ’
650 1746 730 1827 ἐμοῦ
754 1744 816 1817 τὸν
848 1744 996 1842 νυμφίου,
1023 1744 1076 1814 καὶ
1105 1745 1260 1842 χώρησον
1288 1742 1393 1826 αὐτόν,

245 1857 298 1927 καὶ
314 1860 482 1955 χωρήθηπι
502 1858 535 1926 έν
555 1859 652 1946 ari-roi.
690 1855 807 1938 Ἰδούῆ
825 1854 922 1955 χάρις
937 1860 1102 1938 κατῆλθεν
1120 1857 1176 1926 έπί
1189 1887 1240 1926 σε·
1266 1854 1395 1950 ἄνοιξον

248 1968 289 2041 τὸ
309 1970 423 2052 στόμα
451 2001 521 2052 σου,
550 1969 604 2039 rai
631 1975 880 2068 προφήτευσον.
924 1968 993 2050 Τῆς
1021 1967 1056 2038 δέ
1081 1967 1231 2060 γυναικὸς
1258 1968 1394 2066 ιἰποκρι-

247 2083 385 2164 νομένης,
406 2082 443 2151 ού
464 2087 702 2180 προεφήτευσα
726 2084 874 2165 πώποτε,
900 2080 954 2150 καὶ
984 2082 1039 2152 οῦκ
1061 2079 1135 2151 οἶδα
1161 2082 1392 2179 προφητεύειν·

246 2194 432 2276 ἐπικλήσεις
454 2193 545 2270 τινὰς
571 2196 763 2277 ποιούμενος
790 2195 824 2263 έκ
852 2192 1005 2291 δευτέρου
1031 2195 1074 2269 εἷς
1099 2190 1312 2286 κατάπληξιν
1338 2201 1393 2275 τῆς

246 2305 468 2390 ἆπατωμένης,
482 2306 586 2405 φησὶν
602 2308 693 2399 αὐτῇ·
718 2304 881 2399 Ἀνοιξον
893 2304 936 2377 τό
952 2306 1066 2389 στόμα
1080 2336 1150 2387 σου,
1161 2301 1317 2386 λάλησον
1329 2307 1349 2377 ὅ
1359 2337 1391 2376 τι

246 2416 379 2500 δήποτε,
393 2419 447 2488 καὶ
462 2420 715 2518 προφητεύσεις.
753 2418 800 2487 Ἡ
817 2417 852 2488 δέ
864 2421 1097 2513 αχαυνωθεῖσα,
1110 2418 1163 2489 καὶ
1177 2421 1393 2516 κεπφωθεῑσα

245 2530 309 2601 ὑπὸ
337 2536 403 2602 τῶν
430 2533 678 2629 προειρημένων,
705 2530 981 2628 ῦιαθερμανθεῐσα
1012 2530 1072 2612 την
1102 2531 1219 2626 φυχῆν
1248 2529 1314 2601 ῦπῦ
1338 2539 1457 2612 *riona

244 2676 416 2761 participes
441 2697 507 2740 suae
528 2675 653 2760 gratiae,
678 2675 869 2759 prophetare
896 2675 983 2740 tacit.
1046 2676 1189 2741 Maxime
1206 2676 1293 2741 enim
1313 2677 1394 2742 circa

244 2775 389 2839 mulieres
408 2783 511 2854 vacat,
530 2783 563 2838 ct
586 2775 645 2838 hoc
671 2774 754 2838 circa
779 2797 833 2838 eas
850 2798 920 2860 quae
942 2785 1016 2840 sunt
1038 2775 1191 2854 honestae,
1211 2785 1246 2841 et
1266 2775 1394 2841 circum·

244 2884 436 2960 purpuratae,
454 2882 488 2939 et
504 2874 675 2947 ditissima,
695 2896 773 2959 quas
784 2896 867 2959 saepe
884 2876 1040 2939 abducere
1057 2882 1196 2952 tentans,
1213 2877 1294 2940 dicit
1311 2876 1394 2941 blan·

244 2975 334 3040 diens
361 2975 424 3041 eis:
452 2976 655 3060 Partieepare
682 2984 709 3039 te
734 2975 798 3039 eata
824 2997 862 3039 eto
888 2997 952 3039 mea
978 2976 1095 3060 pratia,
1125 2977 1270 3060 quoniam
1302 2978 1394 3040 Pater

243 3077 378 3141 omnium
402 3076 541 3163 eupolum
564 3086 651 3139 tuam
673 3096 787 3160 semper
812 3075 895 3138 uidet
920 3085 990 3138 ante
1008 3075 1128 3158 faeiem
1149 3098 1247 3140 ιυαιη.
1301 3076 1396 3140 Laeua

244 3186 343 3240 autem
360 3185 422 3241 tuae
436 3176 664 3261 ortaqnitudiae‘e
679 3177 716 3238 ιά
735 3174 821 3238 nohis
843 3184 908 3240 eat:
935 3183 1047 3260 opertet
1066 3196 1118 3239 nes
1134 3177 1169 3240 iu
1183 3197 1280 3240 anum
1297 3197 1395 3241 aenae-

243 3276 320 3339 nire.
373 3279 468 3341 Some
485 3278 625 3360 primum
648 3297 670 3338 a
693 3297 747 3349 me,
774 3284 801 3338 et
821 3295 880 3358 per
902 3296 948 3338 rrae
968 3276 1117 3358 qratiam.
1157 3277 1291 3361 Adopta
1316 3285 1344 3340 te
1364 3284 1396 3339 ut

242 3395 354 3458 sponsa
379 3376 534 3438 sustinens
559 3395 700 3458 sponsum
717 3395 814 3455 caum,
843 3382 877 3437 ut
896 3375 938 3437 cis
954 3375 1036 3459 qaod
1049 3397 1111 3459 epo,
1129 3387 1160 3440 et
1181 3397 1233 3460 epa
1256 3375 1340 3462 quad
1353 3386 1392 3440 tu.

245 3474 402 3538 Constitue
420 3474 455 3537 νἰι
476 3473 610 3536 thalamo
633 3482 684 3535 tue
706 3494 803 3536 remen
829 3473 963 3538 Ιιιιιιὶυιζς.
1019 3476 1109 3539 Sume
1130 3497 1151 3535 a
1175 3498 1221 3540 rue
1242 3498 1393 3562 ιροιιςυω,

243 3580 271 3635 et
289 3594 363 3657 cape
380 3593 455 3643 eum,
474 3580 502 3636 et
517 3593 622 3656 capere
638 3573 673 3636 ιἰι
690 3594 730 3636 ιο.
783 3575 865 3637 Εοοο
882 3575 991 3658 pratia
1015 3573 1165 3639 ιίιεοοιιάὶι
1186 3575 1221 3639 ιἰι
1247 3586 1283 3648 te,
1308 3576 1395 3661 aperi

243 3693 274 3734 aa
293 3681 388 3744 tuum,
415 3681 442 3736 et
462 3673 622 3760 propheta,
675 3673 757 3735 Cum
783 3681 890 3736 autem
917 3673 1031 3737 mulier
1057 3674 1278 3759 responderit:
1305 3677 1393 3741 Nun·

243 3792 334 3854 quam
361 3771 553 3857 prophetavi,
578 3783 608 3835 et
634 3775 730 3837 nescio
756 3772 965 3858 prophetare:
1002 3773 1216 3838 invocationes
1243 3776 1395 3860 quasdam

243 3869 361 3934 faciens
378 3871 492 3945 denuc,
511 3872 552 3935 ad
575 3879 738 3957 stuporem
755 3873 822 3957 ejus
841 3894 911 3956 qum
936 3873 1106 3949 seducitur,
1124 3873 1203 3938 dicit
1221 3875 1269 3938 ei:
1295 3875 1395 3961 Aperi

242 3991 273 4033 es
290 3979 384 4047 tuum,
403 3981 431 4035 et
448 3971 566 4056 loquere
580 3972 782 4058 quodcunque,
794 3983 823 4036 et
834 3972 1037 4058 prophetabis.
1075 3972 1134 4038 Illa
1144 3981 1252 4039 autem
1263 3976 1395 4040 seducta

242 4078 276 4134 ct
291 4071 376 4135 elatu
397 4071 438 4135 ab
459 4071 497 4134 iis
517 4092 587 4154 quae
605 4071 760 4155 praedicta
775 4080 859 4144 sunt,
878 4073 1123 4137 concalefaciens
1139 4074 1279 4139 animam
1296 4098 1317 4140 a
1331 4098 1394 4140 sus·

241 4228 369 4277 necessary
386 4213 506 4262 therefore
522 4216 549 4260 tc
565 4212 699 4260 substituto
715 4221 796 4261 euster-
845 4230 1014 4278 synoupmcus
1032 4216 1092 4262 with
1108 4217 1221 4277 ἅγγελος,
1240 4220 1253 4279 3
1273 4233 1295 4278 ο,
1316 4219 1393 4267 wiueh

240 4311 307 4353 nare,
321 4312 349 4344 as
362 4295 504 4354 Heumann,
518 4294 579 4342 with
596 4294 634 4341 his
651 4294 723 4342 usual
734 4295 792 4343 infe·
843 4313 913 4344 sense
924 4297 945 4344 it
956 4297 1006 4344 will
1016 4297 1067 4345 also
1083 4297 1141 4345 brar
1155 4299 1220 4347 here.

239 4375 317 4441 licity,
331 4378 374 4425 has
386 4376 515 4441 proposed.
875 4376 886 4408 ¹
901 4380 1058 4438 χαυνωθεΐσα,
1068 4378 1154 4440 μιηῐοιί
1168 4396 1210 4442 up.
1241 4382 1394 4443 κεπφωθιῖσα

290 4459 298 4490 ¹
316 4462 423 4522 μέγεθος,
442 4477 469 4509 as
487 4460 616 4508 Missum·
632 4458 753 4519 observes,
770 4459 790 4508 is
841 4459 874 4507 ad
884 4459 921 4508 lit.
933 4459 1022 4521 pullat,
1036 4461 1127 4520 κέπφοι
1140 4461 1214 4525 being
1225 4478 1241 4510 a
1250 4462 1357 4511 aea-bini
1367 4461 1395 4509 ot

240 4539 301 4587 used
312 4541 338 4588 in
349 4542 391 4590 the
402 4541 486 4606 sequel
496 4541 530 4606 by
541 4541 584 4590 the
598 4539 752 4589 Marcoaians
763 4558 790 4589 aa
840 4541 904 4606 light
914 4543 964 4591 and
975 4542 1045 4607 rapiti
1057 4542 1137 4607 ssight.
