2954 4986
528 354 780 408 IGNORANTIA.
1171 337 1237 401 311

82 502 158 588 quid
187 502 220 567 in
248 503 439 590 spiritalibus
467 505 545 571 lieri.
605 507 795 591 Quacunque
821 505 905 569 enim
931 504 1086 592 progressi
1112 503 1237 583 suerint,
1285 523 1379 608 tppp

81 605 312 692 obligabantur,
335 615 369 671 et
392 628 413 670 a
432 615 518 671 recta
539 607 659 672 ratione
680 607 898 672 ¹caecutientes
919 607 1002 672 circa
1022 606 1184 672 veritatem
1205 605 1238 670 iu
1254 580 1406 701 Gpffgssyff·

81 715 216 787 tantum,
231 708 278 772 uti
292 730 363 773 eum
379 709 431 793 qui
445 717 495 774 est
511 731 531 774 a
546 709 600 774 Nu
615 710 797 796 Propatoris
810 710 947 795 ipsorum
965 709 1098 774 emissus
1117 709 1236 788 Sermo,
1255 707 1405 795 Q

82 811 115 874 iu
129 812 424 878 ²deminorationem
438 834 510 877 eum
528 813 676 879 emissum
690 813 806 879 dicant.
843 814 916 879 Nun
932 813 1016 877 euim
1032 813 1203 896 perfectum
1217 834 1238 876 a

82 915 222 999 perfecto
232 914 336 1001 Bytho
351 923 589 1001 progeneratum
599 919 667 1003 jam
682 939 745 980 non
759 916 898 1001 potuisse
913 939 983 982 eam
997 938 1067 1000 quae
1082 937 1123 980 ex
1136 937 1174 980 eo
1188 923 1238 980 est

83 1017 282 1083 emissionem
302 1019 404 1084 iacere
419 1019 596 1105 perfectam,
612 1020 668 1083 sed
683 1020 874 1084 obcaecatam
894 1019 977 1084 circa
993 1018 1185 1105 agnitionem
1205 1026 1238 1083 et

83 1121 331 1206 magnitudinem
357 1120 485 1186 Patris:
516 1131 549 1187 et
572 1121 767 1186 Salvatorem
785 1121 958 1207 symbolum
981 1120 1120 1206 mysterii
1144 1121 1238 1205 hujus

83 1225 258 1290 ostendisse
280 1224 312 1288 in
334 1247 372 1290 eo
398 1224 451 1311 qui
471 1247 492 1289 a
515 1224 678 1289 nativitate
699 1247 802 1289 caecus
824 1224 892 1302 fuit,
907 1224 1054 1308 quoniam
1071 1224 1117 1288 sic
1135 1245 1238 1289 caecus

83 1327 216 1391 emissus
230 1336 279 1392 est
298 1349 319 1392 a
340 1328 519 1414 Monogene
533 1328 634 1404 AEon,
650 1326 682 1390 id
701 1335 751 1391 est
769 1326 960 1413 ignorantia:
982 1325 1190 1412 ignorantiam
1204 1335 1238 1390 et

38 1453 68 1492 o.
83 1429 259 1495 caecitatem
280 1431 537 1495 commentientes
552 1430 660 1494 Verbo
680 1429 751 1506 Dei,
766 1431 934 1495 secundam
952 1431 1123 1496 secundum
1142 1451 1197 1495 eos
1217 1453 1238 1494 a

83 1531 258 1617 Propatore
279 1532 476 1597 emissionem
496 1531 634 1595 habenti.
665 1532 877 1597 Admirabiles
897 1534 1056 1618 sophistae,
1078 1542 1111 1598 et
1130 1535 1238 1597 altitu-

83 1632 173 1697 dines
187 1632 410 1720 investigantes
432 1632 581 1720 incogniti
602 1632 718 1710 Patris,
737 1641 770 1696 et
789 1634 1022 1720 supercoelestia
1043 1645 1239 1700 sacramenta

83 1744 274 1812 enarrantes,
285 1737 320 1800 irs
335 1758 404 1823 qooe
414 1736 542 1821 copiunt
556 1734 659 1820 arvpeli
666 1736 853 1820 prospicere,
863 1736 909 1799 uti
924 1736 1046 1801 discant
1060 1739 1205 1822 quoniam
1219 1761 1239 1804 a
1255 1761 1320 1802 rra
1329 1761 1344 1801 ο
1353 1761 1383 1801 u.

85 1838 141 1903 Nu
162 1839 231 1923 ejus
253 1838 369 1917 Patris,
392 1837 445 1922 qui
463 1860 556 1923 super
575 1837 681 1901 omnia
705 1845 765 1914 est,
788 1836 936 1902 emissum
960 1838 1100 1909 Verbrun
1120 1862 1239 1906 caecum

85 1939 244 2017 emissum,
261 1940 293 2003 id
307 1948 357 2004 est
371 1939 518 2026 ignorans
534 1939 662 2003 Patrem
677 1938 729 2024 qui
744 1959 779 2002 se
793 1939 918 2004 emisit!

153 2048 183 2108 4.
240 2042 286 2107 Et
315 2042 584 2127 quemadmodum,
610 2063 630 2104 o
655 2040 813 2106 vanissimi
839 2043 999 2128 sophistes,
1027 2043 1096 2110 Nus
1121 2045 1238 2125 Patris,

86 2146 182 2210 immo
197 2146 293 2212 stiam
307 2150 358 2211 ⁸et
377 2146 444 2231 ipse
460 2145 567 2221 Pater,
582 2165 655 2208 omn
667 2143 711 2207 sit
731 2144 801 2208 Nus
813 2152 847 2209 et
868 2146 1024 2230 perfectus
1037 2146 1070 2210 in
1084 2148 1238 2226 omnibus,

85 2249 301 2332 imperfectum
322 2255 356 2312 et
377 2269 494 2313 caecum
514 2248 656 2310 AEonem
675 2246 779 2311 emisit
800 2268 891 2311 sumn
913 2248 1032 2334 Logou,
1048 2271 1119 2314 cum
1141 2251 1239 2336 possit

86 2349 195 2415 statim
217 2358 250 2414 et
272 2349 462 2436 agnitionem
486 2348 592 2413 Patris
614 2370 686 2413 cum
708 2370 745 2412 eo
767 2349 930 2414 emitteret
971 2351 1239 2432 Quemadmodum

86 2453 247 2518 Christum
267 2451 497 2539 ⁴postgeuitum
520 2452 644 2536 quidem
662 2451 798 2536 reliquis,
820 2453 990 2537 perlectum
1011 2462 1116 2518 autem
1136 2455 1240 2520 dicitis

84 2555 254 2629 emissum3
275 2556 374 2620 multo
393 2554 495 2641 magis
513 2554 608 2642 igitur
628 2555 680 2640 qui
698 2563 748 2620 est
767 2576 804 2620 eo
824 2563 920 2620 aetate
934 2558 1106 2641 provectior
1123 2557 1238 2645 Logos,

84 2659 251 2723 abeodem
267 2659 319 2723 Nu
334 2659 489 2745 perfectus
503 2658 610 2742 utique
624 2659 828 2738 emitteretur,
843 2667 876 2724 et
891 2682 954 2723 non
968 2682 1088 2727 coccus:
1112 2684 1170 2728 nec
1189 2662 1240 2728 ille

85 2783 193 2827 rursus
207 2761 276 2846 plus
290 2783 401 2838 caecos,
416 2782 510 2845 quam
523 2782 568 2838 se,
584 2761 711 2825 AEonas
725 2761 891 2840 emitteret,
908 2763 1108 2847 quoadusque
1123 2765 1241 2849 Sophia

86 2874 191 2928 vestra
204 2885 325 2949 semper
345 2871 513 2941 excaecata,
530 2871 651 2928 tantam
672 2863 824 2927 malorum
844 2865 937 2929 enixa
954 2873 1003 2930 est
1023 2866 1239 2932 substantiam.

88 2964 134 3029 Et
153 2966 246 3051 hujus
260 2966 387 3030 malitiae
406 2987 501 3030 causa
516 2974 567 3030 est
590 2973 679 3050 pater
692 2974 812 3030 vester:
836 2967 1083 3052 magnitudinem
1103 2968 1186 3048 epim
1207 2978 1240 3032 et

87 3068 235 3133 virtutem
248 3068 347 3154 patris
361 3089 472 3134 causas
493 3067 676 3153 ignorantiae
696 3088 765 3131 esse
785 3067 898 3143 dicitis,
914 3067 1019 3153 Bytho
1033 3069 1241 3133 assimilantes

87 3192 172 3248 eum,
187 3177 220 3235 et
241 3191 355 3234 nomeu
369 3170 428 3234 hoc
444 3169 473 3234 ei
492 3176 685 3254 apponentes
704 3167 917 3232 innominabili
932 3168 1033 3234 Patri.
1078 3168 1112 3232 si
1133 3177 1240 3234 autem

87 3273 265 3360 ignorantia
291 3272 418 3351 malum,
442 3271 547 3337 omnia
568 3278 675 3334 autem
700 3270 783 3334 mala
807 3293 847 3335 ex
868 3293 906 3336 ea
926 3271 1068 3336 floruisse
1093 3272 1240 3350 delinitis,

87 3376 183 3463 hujus
203 3383 309 3440 autem
328 3397 456 3440 causam
478 3373 725 3460 magnitudinem
742 3381 775 3438 et
794 3373 941 3439 virtutem
964 3374 1070 3439 Patris
1091 3374 1241 3452 dicentes,

88 3480 241 3543 malorum
265 3479 414 3543 factorem
440 3499 512 3541 eum
534 3475 708 3542 ostenditis.
754 3476 793 3539 ld
811 3476 894 3540 enim
917 3478 999 3561 quod
1021 3499 1084 3542 nou
1106 3477 1243 3562 potuerit

88 3581 292 3667 contemplari
310 3580 557 3668 magnitudinem
572 3580 650 3664 ejus,
666 3601 794 3645 causam
808 3579 911 3645 dicitis
926 3581 1009 3645 mali.
1055 3581 1117 3645 Sed
1132 3580 1159 3644 si
1175 3581 1241 3665 qui-

88 3685 162 3750 dem
176 3684 366 3771 impossibile
381 3691 449 3748 erat
464 3683 565 3758 Patri,
583 3692 691 3747 uotum
705 3682 908 3768 semetipsum
930 3686 970 3748 ab
992 3684 1081 3749 initio
1096 3684 1156 3762 bis,
1173 3707 1243 3769 quae

138 3875 216 3923 ¹As.
240 3836 389 3923 mentientes.
435 3873 521 3920 Mass.
547 3872 641 3920 t'ollovvs
691 3871 755 3918 have
771 3871 832 3918 been
847 3872 1053 3922 κατ’ἑλάττωσιν.
1090 3874 1128 3922 Cf.
1141 3873 1245 3922 densim

88 3958 132 4006 the
150 3957 195 4005 On.
213 3956 264 4004 and
276 3956 355 4004 Voss,
376 3954 479 4017 reading
496 3953 643 4002 circumeun-
691 3951 762 4010 ναοῖο,
777 3968 801 4014 p.
814 3965 868 4011 3²1·
904 3954 976 4012 Eunt,
997 3970 1055 4018 may
1075 3955 1138 4002 have
1157 3971 1243 4018 grown

88 4047 128 4088 ω,
692 4039 737 4080 out
748 4034 777 4080 of
784 4035 827 4081 tho
838 4039 948 4083 context.

133 4119 377 4169 ”Doninorotionem
384 4133 445 4167 nrm.
458 4117 567 4166 Groecum
575 4117 642 4165 ὑστέ-
741 4112 752 4145 ⁸
768 4121 789 4161 ct
800 4115 820 4162 is
832 4115 911 4162 added
922 4114 985 4162 from
996 4115 1038 4162 the
1049 4116 1100 4164 Aa.
1115 4115 1172 4164 MS.

88 4218 154 4262 ρημα
165 4200 231 4248 aliar
237 4201 326 4249 Lobem
336 4198 489 4247 mantola.
508 4197 558 4246 Ga.
568 4196 642 4244 Mas·
741 4196 753 4227 ⁴
769 4197 934 4258 Posrymitum
945 4196 1040 4259 quidem
1051 4196 1161 4261 reliquia]
1170 4198 1244 4245 ’Art

89 4296 155 4331 suffr
166 4282 216 4330 and
228 4282 342 4330 summm
354 4296 417 4344 copy
428 4280 496 4338 him;
512 4278 564 4326 still
574 4278 643 4325 there
692 4296 764 4340 γονον
791 4280 835 4336 μὲν
864 4280 963 4327 λοιποῖς,
989 4278 1038 4327 GR,
1082 4281 1130 4326 τῶν
1154 4281 1245 4327 λοιπῶν

89 4364 110 4410 is
122 4379 155 4410 no
166 4363 277 4411 mention
289 4361 360 4410 made
370 4362 428 4409 here
439 4361 468 4408 oi
480 4360 522 4407 the
531 4359 643 4407 Valenti·
693 4361 774 4408 would
796 4360 859 4408 have
881 4361 942 4408 been
962 4361 1057 4419 better;
1083 4361 1133 4408 and
1155 4362 1180 4408 in
1203 4361 1245 4409 the

89 4447 149 4494 nian
161 4445 251 4505 Labes,
265 4445 312 4493 but
328 4444 357 4491 oi
369 4461 385 4491 a
400 4442 576 4506 degenerating
589 4441 643 4488 Ple·
694 4442 779 4502 Latin,
807 4442 967 4505 progenitum.
1009 4443 1060 4491 Aa.
1091 4443 1165 4491 omits
1195 4443 1246 4504 qui·

89 4545 167 4579 roma.
190 4529 243 4578 The
252 4528 336 4576 Greek
346 4533 409 4576 term
420 4527 441 4575 is
453 4542 520 4574 more
530 4525 606 4589 likely
617 4532 644 4573 to
693 4527 754 4576 droa.

1030 4618 1143 4682 20-a
