2954 4986
545 345 818 399 normannum.
1172 335 1235 399 119

81 501 285 598 προσδοκίας
305 510 368 575 τού
385 507 520 588 μέλλειν
536 507 636 588 αὐτὴν
656 508 886 606 προφητεύειν,
905 515 963 589 τῆς
979 506 1112 606 καρδίας
1131 508 1236 578 πλέον
1247 522 1326 608 ῐὸῑέξ
1333 524 1397 607 {12¹²

80 621 144 685 Τοῦ
176 613 308 693 δέθντθΐ
337 619 539 702 παλλθῦσηῖ,
572 619 756 711 ἆποτολμᾷ
783 627 899 690 λαλεῖν
927 616 1010 726 [Iul.
1036 619 1088 691 καί
1115 614 1234 724 λαλεῖ]
1247 615 1397 700 melfia

40 787 43 798 .
82 725 211 825 ληρώδη
235 730 289 800 καί
312 728 357 800 τὰ
379 732 529 827 τυχόντα
554 728 665 803 πύντα
691 737 784 808 κενῶς
806 732 860 803 καί
878 737 1062 832 τολμηρῶς,
1082 732 1145 803 ἅτε
1170 731 1380 857 indppnm

82 845 175 908 κενοῦ
201 844 427 940 τεθερμαμένη
450 844 643 926 πνεύματος·
672 845 793 936 (καθῶς
818 846 837 914 ὁ
857 845 1037 942 1κρείσσων
1059 849 1145 928 ἡμῶν
1169 846 1235 944 ἔφη

83 952 160 1050 περὶ
178 959 245 1024 τῶν
261 957 430 1040 τοιούτων,
457 957 511 1027 ὅτι
538 954 711 1055 τολμηρῶν
729 956 781 1027 καί
808 955 933 1034 ἇναιδές
950 957 1049 1054 ψυχὴ
1065 959 1144 1047 κενῷ
1164 957 1234 1056 ιἰἔρι

84 1068 349 1162 θερμαινομὲνη,)
384 1069 439 1138 καί
477 1066 547 1138 dut
581 1071 704 1141 τούτου
737 1067 860 1140 λοιπῶν
896 1067 1093 1170 προφήτιδα
1120 1070 1236 1153 ἓαντῆν

83 1176 347 1267 μεταλαμβάνει,
369 1181 421 1251 καί
440 1182 633 1278 εύχαριστεῖ
654 1178 784 1281 Μάρκῳ
803 1185 853 1272 τῷ
876 1181 1054 1254 ἑπιδιδύντι
1077 1189 1134 1264 τῆς
1155 1179 1237 1258 ι’δίας

85 1286 228 1388 χάριτος
247 1293 339 1386 αύτῇ·
368 1294 422 1363 καί
444 1293 642 1379 ἀμείβεσθαι
667 1292 767 1366 αύτδν
792 1297 959 1393 πειρᾶται,
978 1297 1015 1366 ού
1031 1296 1132 1379 μόνον
1148 1292 1236 1365 κατὰ

86 1403 146 1483 τὴν
163 1408 229 1474 τῶν
246 1406 466 1503 ὑπαρχόντων
490 1404 592 1491 δόσιν,
613 1408 705 1501 (ὅθεν
727 1407 779 1476 καί
804 1405 984 1506 χρημάτων
1001 1410 1128 1490 πλῆθος
1150 1406 1239 1477 πολύ

87 1518 322 1612 συνενήνοχεν)
342 1517 504 1589 ἀλλὰκαὶ
524 1516 611 1590 κατὰ
631 1520 691 1601 τὴν
707 1525 770 1590 τοῦ
787 1521 942 1602 σώματος
960 1521 1133 1604 κοινωνίαν,
1150 1516 1237 1590 κατὰ

87 1624 200 1699 πύντο
226 1631 377 1702 ἓνοῶσθαι
406 1633 495 1721 αύτῷ
524 1632 781 1730 προθυμουμένη,
809 1633 862 1702 ἵνα
892 1633 950 1704 σύν
978 1635 1067 1721 αύτῷ
1091 1634 1238 1725 κατέλθῃ

86 1743 129 1816 εἰς
148 1738 192 1811 rei
208 1741 250 1812 ἔν.

168 1873 201 1938 3.
247 1851 341 1935 Ἤδη
366 1851 401 1923 δὲ
421 1860 487 1926 τῶν
504 1857 676 1955 προτέρων
695 1852 877 1961 [Interpron
897 1849 1136 1958 πιστοτάτων]
1155 1853 1239 1931 τινὲς

87 1970 245 2055 γυναικῶν
269 1970 335 2037 τῶν
363 1967 511 2063 ἐχουσῶν
537 1967 599 2039 τῶν
626 1970 743 2067 φόβον
767 1975 830 2041 τοῦ
855 1969 949 2051 Θεοῦ,
972 1968 1025 2038 καί
1049 1967 1094 2051 μὴ
1115 1966 1240 2061 ἐξαπα-
1292 2055 1295 2060 1

86 2081 257 2162 τηθεισῶν,
287 2076 326 2155 ἃς
354 2080 472 2162 ὁμοίως
503 2091 577 2158 ταῖς
615 2088 749 2158 λοιπαῖς
786 2079 981 2163 ἐπετήδευσε
1014 2080 1239 2178 παραπείθειν,

87 2192 222 2262 κελεύων
241 2193 353 2269 αύταῖς
372 2195 602 2292 προφητεύειν,
627 2194 680 2264 καί
703 2199 999 2293 καταφυσὴσασαι,
1018 2192 1070 2262 καί
1099 2196 1240 2264 καταθε-

87 2385 210 2470 picioue
227 2387 312 2472 quod
328 2386 458 2472 incipiat
475 2388 676 2474 prophetare,
700 2411 772 2454 cum
788 2412 843 2454 cor
858 2389 926 2474 ejus
943 2388 1044 2453 multo
1059 2387 1129 2473 plus
1146 2409 1241 2473 quam

88 2493 239 2569 oporteat
268 2485 413 2572 palpitet,
442 2488 550 2562 audet,
577 2496 611 2552 et
638 2487 779 2573 loquitur
804 2488 961 2564 deliriosa,
986 2494 1019 2552 et
1045 2509 1241 2574 quaecunque

89 2583 253 2649 evenerint
276 2585 392 2660 omnia,
421 2608 519 2652 vacue
544 2595 579 2652 et
605 2587 767 2664 audacter,
795 2588 912 2674 quippe
937 2587 1091 2652 calefacta
1115 2587 1239 2672 spiritu,

90 2683 186 2763 (sicut
211 2683 324 2747 melior
347 2685 438 2750 nobis
463 2687 504 2751 dc
527 2686 644 2752 talibus
659 2687 822 2772 prophetis
839 2688 1015 2773 exequitur,
1034 2686 1119 2772 quod
1136 2686 1241 2751 audax

89 2785 140 2847 et²
170 2782 382 2849 inverecunda
420 2793 471 2850 est
514 2785 621 2850 anima
653 2786 759 2871 quasi²
792 2810 891 2851 vacuo
933 2795 1007 2850 atre
1045 2786 1242 2851 excalefacta

92 2879 190 2968 [est])
207 2890 242 2948 et
258 2883 375 2948 exinde
394 2884 624 2970 Prophetidem
640 2887 843 2972 semetipsam
860 2894 965 2971 putat,
983 2894 1017 2952 et
1036 2886 1159 2973 gratias
1173 2885 1242 2970 agit

92 2981 206 3046 Marco
224 2981 262 3060 ei,
282 2983 335 3068 qui
353 2984 556 3069 participavit
573 2984 602 3048 ei
618 3007 707 3049 suam
720 2986 878 3072 gratiam:
902 2993 935 3049 et
952 3007 1155 3049 remunerare
1171 3006 1244 3047 eum

89 3080 198 3166 gestit,
216 3103 281 3147 non
298 3083 398 3147 solnm
415 3083 586 3149 secundum
599 3085 787 3150 substantie
806 3105 870 3148 suae
889 3083 1060 3157 dationem,
1076 3083 1176 3162 (unde
1193 3084 1244 3147 'et

91 3179 273 3245 divitiarum
291 3182 412 3268 copiam
433 3205 582 3269 maguam
606 3183 749 3270 collegit)
777 3184 832 3247 sed
858 3189 892 3247 et
915 3183 1086 3247 secundum
1104 3181 1245 3267 corporis

91 3279 333 3364 copulationem,
361 3289 396 3348 et
421 3283 595 3347 secundum
620 3283 727 3347 omniu
754 3282 838 3348 uniri
868 3280 897 3345 ei
924 3281 1022 3368 cupit,
1048 3289 1086 3346 ut
1109 3303 1181 3346 cum
1206 3303 1245 3346 eo

94 3378 269 3444 descendat
286 3380 318 3444 iu
335 3403 442 3446 unum.

168 3483 199 3545 3.
237 3479 262 3544 J
264 3503 315 3545 nm
328 3503 403 3546 vero
419 3482 564 3568 quaedam
575 3504 614 3546 ex
626 3481 814 3548 fidelissimis
832 3482 1023 3557 mulieribus,
1038 3503 1109 3566 quoe
1125 3481 1245 3546 habeut

92 3576 241 3643 timorem
260 3578 331 3655 Dei,
349 3588 383 3646 et
407 3603 472 3646 nou
493 3590 569 3646 suut
585 3583 781 3662 seducibiles,
800 3606 879 3668 quas
893 3581 1039 3648 similiter
1053 3591 1091 3646 ut
1108 3581 1246 3668 reliquas

92 3676 254 3745 affectavit
278 3680 440 3758 seducere,
453 3681 568 3767 jubens
586 3680 631 3745 eis
648 3683 849 3767 prophetare,
868 3682 1073 3747 exsufflantes
1091 3688 1124 3745 et
1141 3683 1246 3746 ⁴cata·

92 3775 337 3846 thematizantes
362 3780 440 3867 [Aa
464 3775 642 3869 anathem]
667 3803 749 3856 eum,
772 3791 1003 3868 separaverunt
1022 3803 1056 3845 se
1072 3781 1113 3845 ab
1139 3781 1245 3866 hujus·

142 3984 152 4015 ¹
177 3983 292 4050 Possibly
313 3987 430 4051 meaning
451 3988 530 4036 either
551 3987 590 4035 his
611 3986 647 4034 in·
697 3987 796 4050 lowiug.

91 4071 201 4115 eductor
223 4067 371 4129 Putrem,
390 4085 418 4118 or
434 4070 473 4117 his
492 4069 648 4133 predecessor
746 4066 757 4098 ³
775 4068 803 4115 Et
819 4069 840 4116 is
855 4069 963 4116 inserted
978 4084 1010 4116 on
1024 4068 1067 4115 the
1082 4066 1209 4129 authority
1222 4064 1252 4112 of

93 4149 248 4210 Permirum
264 4167 305 4200 see
315 4157 374 4201 note
386 4167 408 4214 3,
420 4169 444 4217 p
461 4165 482 4213 3.
695 4149 738 4197 tho
751 4149 850 4200 Cunna.
865 4151 933 4210 MS,
946 4148 1081 4213 supported
1096 4163 1124 4195 as
1140 4148 1161 4195 it
1178 4147 1198 4194 is
1215 4147 1249 4208 by

142 4228 154 4260 ¹
170 4230 302 4281 Massussr
311 4233 382 4281 reads
389 4249 448 4296 qua,
461 4234 508 4282 but
514 4233 557 4281 the
568 4230 645 4281 MSS.
696 4231 739 4279 the
760 4236 815 4280 text
831 4232 860 4279 of
873 4231 1048 4279 Erffuarrms.

93 4312 159 4360 have
169 4313 249 4374 ηυαεί,
263 4315 345 4363 which
359 4316 380 4364 is
395 4315 516 4364 therefore
527 4314 646 4364 retained.
745 4313 756 4343 ⁴
775 4311 1047 4370 Onnlameanenia
1058 4310 1100 4357 the
1112 4307 1214 4371 reading
1225 4305 1254 4354 of

93 4393 147 4442 'l'he
162 4399 218 4442 text
231 4396 341 4459 requires
358 4396 560 4451 ιἰιυινοουκδιιως
576 4402 608 4444 ων
621 4399 648 4443 at
697 4395 740 4443 the
752 4396 851 4444 Cnnnrr.
864 4396 914 4443 aud
926 4394 1006 4442 Voss.
1020 4391 1096 4440 MSS.
1109 4388 1160 4438 and
1175 4389 1197 4437 is
1213 4403 1250 4437 rc·

95 4475 139 4522 the
155 4474 221 4523 close
238 4475 268 4523 ol
281 4475 323 4524 the
334 4477 487 4540 parenthesis
498 4491 556 4539 may
567 4475 598 4522 be
609 4490 649 4522 ex·
697 4476 780 4524 stored
796 4478 830 4539 by
847 4477 985 4524 Massuur.
1021 4472 1143 4535 compare
1158 4480 1208 4521 111.
1226 4483 1249 4530 s,

97 4555 206 4620 pungod,
223 4573 252 4606 as
268 4557 362 4622 haring
378 4559 458 4608 arisen
470 4563 515 4607 out
530 4558 557 4607 ol
570 4564 591 4604 ct
604 4555 648 4604 lol-
699 4557 778 4604 where
790 4558 832 4605 the
842 4572 910 4604 sams
921 4553 988 4603 word
998 4566 1089 4601 recuro.
