2954 4986
243 337 309 401 260
600 350 793 404 vacunae
818 349 1040 402 evacuans.

78 522 228 608 Lgffifffijpf·
243 520 277 578 ct
311 535 365 578 eas
392 536 463 599 quae
489 513 544 578 ¹ab
570 535 609 578 eo
639 512 766 578 initium
788 519 981 598 acceperunt
1005 509 1209 582 emissionem
1243 529 1346 594 neque
1367 507 1394 570 in

77 616 193 700 ⁸⁴⁴⁸}st
202 618 228 654 Ν
243 613 433 699 ignorantia,
445 636 547 699 neque
564 613 595 676 in
614 613 768 699 passione,
782 635 885 697 neque
897 612 929 675 in
942 612 1015 676 labe
1032 609 1301 684 constitutionem
1314 630 1395 672 crea-

81 741 227 750 ---
242 713 339 777 tionis
355 712 544 799 permittere
561 714 712 798 accipere.
754 713 819 788 Qui
832 712 916 776 enim
929 719 1042 797 postea
1060 711 1214 776 emendat
1231 709 1347 785 labem,
1366 717 1395 772 et

241 813 329 877 velut
347 813 503 878 maculam
519 814 672 878 emundat
690 813 822 886 ’labem
842 812 945 876 multo
962 812 1050 897 prius
1067 816 1200 896 poterat
1218 810 1394 882 observare,

241 912 432 997 nequidem
458 912 550 978 initio
574 913 607 977 in
630 912 694 977 auis
718 912 788 976 fieri
813 911 913 977 talem
939 911 1106 976 maculam.
1160 908 1225 973 Vel
1251 909 1279 972 si
1307 908 1395 972 initio

242 1011 370 1097 quidem
387 1013 553 1093 concessit,
572 1013 721 1098 quoniam
741 1013 837 1077 aliter
859 1011 929 1075 lieri
952 1033 1017 1075 non
1038 1016 1202 1096 poterant,
1222 1031 1295 1094 qnae
1312 1008 1396 1072 lacta

241 1119 333 1183 sunm
362 1119 491 1197 oportet
517 1121 551 1177 et
571 1135 696 1198 semper
720 1112 765 1177 sic
790 1111 859 1175 lieri
880 1111 943 1176 illa.
995 1110 1078 1186 Quae
1103 1110 1188 1174 enim
1216 1108 1311 1173 initio
1333 1128 1395 1172 non

241 1220 375 1296 possunt
400 1213 656 1276 emendationem
682 1211 856 1297 percipere,
883 1211 1152 1296 quemadmodum
1174 1209 1258 1274 banc
1284 1217 1396 1293 postea

240 1310 439 1396 percipienti
466 1312 531 1375 Aut
547 1312 815 1397 quemadmodum
830 1310 973 1375 homines
989 1309 1138 1375 advocari
1156 1309 1199 1373 ad
1217 1309 1395 1394 perlectum

241 1409 361 1486 dicunt,
373 1433 445 1474 oum
463 1409 516 1474 illa
533 1411 602 1496 ipsa
618 1419 776 1497 quaesunt
793 1432 907 1486 causae,
920 1432 960 1475 ex
977 1410 1090 1496 quibus
1107 1408 1186 1474 sacti
1204 1417 1282 1473 sunt
1297 1408 1394 1473 homi-

241 1531 307 1584 nes,
324 1511 373 1574 vel
390 1510 457 1595 ipse
475 1510 669 1598 Demiurgus
687 1512 737 1576 vel
754 1511 872 1598 Angeli
889 1510 921 1574 in
937 1510 1009 1575 labe
1023 1510 1172 1574 dicant-ur
1189 1510 1281 1574 esse!
1315 1508 1394 1573 Etsi

241 1607 313 1673 ideo
339 1610 425 1695 quod
449 1610 604 1697 benignus
623 1611 675 1686 sit,
694 1611 727 1675 in
749 1610 924 1676 novissimis
949 1610 1147 1695 temporibus
1169 1608 1324 1673 misertus
1346 1616 1393 1672 cst

240 1707 404 1774 hominum
430 1717 464 1774 et
485 1711 662 1795 perfectum
680 1711 725 1776 eis
743 1712 819 1786 dat3
846 1710 970 1775 illorum
987 1710 1089 1795 primo
1106 1709 1251 1773 misereri
1274 1709 1393 1783 debuit,

241 1808 296 1895 qui
312 1810 442 1875 fuerunt
458 1809 594 1874 hominis
610 1811 758 1890 factores,
777 1819 811 1876 et
828 1811 906 1874 dare
923 1809 968 1874 eis
984 1809 1172 1895 perfectum.
1213 1807 1267 1872 Sic
1284 1808 1393 1894 utique

241 1917 276 1973 et
292 1909 434 1974 homines
450 1909 685 1976 miserationem
703 1911 928 1997 percepissent,
942 1910 982 1974 de
994 1909 1143 1995 perlectis
1158 1907 1295 1994 perlecti
1309 1909 1393 1972 lacti.

242 2007 277 2073 Si
312 2009 395 2073 enim
428 2009 532 2095 operis
565 2009 705 2096 ipsorum
739 2011 887 2076 misertus
921 2017 980 2088 est,
1009 2008 1112 2074 multo
1145 2011 1234 2094 prius
1269 2008 1393 2072 illorum

240 2107 382 2173 misereri
399 2109 519 2185 debuit,
536 2116 570 2175 et
587 2132 650 2175 non
664 2111 767 2176 sinere
785 2110 818 2175 in
834 2116 961 2176 tantum
979 2108 1133 2174 oaecitatis
1150 2108 1261 2173 venire
1280 2131 1343 2173 eos.

314 2212 344 2275 4.
398 2209 550 2275 Solvetur
576 2217 684 2276 autem
711 2233 821 2276 eoram
847 2217 882 2275 et
911 2210 964 2273 ille
990 2209 1043 2295 qui
1071 2217 1120 2273 est
1148 2208 1189 2272 de
1217 2209 1335 2273 umbra
1361 2216 1394 2273 et

240 2330 340 2374 vacuo
367 2332 483 2386 sermo,
516 2309 549 2373 in
578 2311 692 2396 quibus
719 2333 790 2375 eam
816 2332 886 2396 quae
912 2317 961 2374 est
984 2309 1159 2374 secundum
1184 2329 1243 2373 nos
1274 2308 1393 2373 factam

241 2407 353 2474 dicunt
378 2409 601 2489 conditionem,
620 2410 647 2474 si
672 2411 705 2474 in
725 2410 774 2474 his
803 2432 874 2497 quae
903 2409 1109 2475 continentur
1132 2431 1152 2473 a
1178 2407 1282 2474 Patre
1307 2409 1393 2474 lacta

240 2518 316 2574 sunt
332 2510 410 2575 haec.
463 2510 497 2575 Si
514 2510 598 2575 enim
615 2517 785 2596 paternum
803 2510 928 2575 illorum
945 2510 1051 2574 lumen
1069 2509 1135 2574 tale
1152 2507 1338 2594 opinantur,
1356 2519 1393 2574 ut

240 2610 346 2675 omnia
363 2609 537 2695 adimplere
554 2611 655 2695 possit
668 2633 738 2696 quae
752 2610 839 2675 intra
851 2633 923 2675 eum
935 2617 1020 2687 sunt,
1032 2617 1066 2674 et
1080 2609 1188 2673 omnia
1201 2609 1391 2687 illuminare,

239 2711 506 2793 quemadmodum
522 2732 656 2774 vacuum
676 2719 710 2775 et
734 2711 849 2775 umbra
870 2710 903 2774 in
923 2709 973 2774 his
995 2731 1065 2795 qua
1082 2732 1102 2774 a
1117 2709 1306 2774 Pleromate
1323 2716 1357 2774 et
1373 2732 1393 2774 a
1449 2781 1453 2788 ,

236 2815 373 2892 paterno
389 2808 507 2874 lumine
525 2809 740 2887 continentur,
758 2817 888 2895 poterat
904 2811 992 2874 essel
1022 2809 1163 2895 Oportet
1175 2809 1260 2872 enim
1276 2831 1331 2873 eos
1343 2813 1392 2874 ’et

235 2905 339 2972 locum
371 2910 541 2974 ostendere
571 2909 658 2975 intra
684 2909 907 2996 Propatorem,
936 2916 993 2975 aut
1022 2909 1109 2974 intra
1138 2909 1302 2986 Pleroma,
1328 2931 1391 2974 non

236 3006 452 3075 illuminatum
478 3032 537 3074 nec
563 3017 727 3075 retentum
751 3011 792 3075 ab
817 3010 934 3095 aliquo,
960 3009 993 3073 in
1016 3031 1079 3095 quo
1107 3016 1165 3073 aut
1189 3009 1309 3094 Angeli
1335 3020 1391 3074 aut

237 3105 432 3197 Demiurgus
454 3111 531 3175 lecit
554 3131 750 3195 quaecunque
774 3110 885 3176 voluit.
937 3109 1005 3174 Neo
1031 3109 1115 3174 enim
1137 3108 1284 3173 modicus
1305 3110 1392 3175 locus

236 3216 295 3285 est,
316 3210 348 3274 in
375 3234 438 3296 quo
460 3218 554 3275 tanta
580 3217 614 3274 et
639 3210 714 3274 talis
739 3209 881 3275 conditio
902 3209 988 3275 facta
1012 3217 1071 3273 est.
1124 3209 1309 3274 Necessitas
1331 3211 1392 3274 erit

235 3306 346 3393 itaque
379 3311 536 3388 universa,
567 3309 653 3373 intra
689 3309 838 3373 Pleroma
865 3317 924 3374 aut
957 3309 1045 3374 intra
1080 3308 1215 3374 Patrem
1249 3308 1393 3395 ipsorum

234 3405 380 3472 localiter
396 3431 530 3473 vacuum
550 3408 669 3495 aliquid
687 3415 721 3474 et
739 3409 873 3474 informe
891 3416 925 3474 et
942 3411 1147 3474 tenebrosum
1164 3401 1253 3473 ‘fieri
1276 3431 1341 3487 eos,
1360 3410 1392 3473 in

235 3527 299 3589 quo
317 3507 474 3572 fabricata
491 3515 578 3585 sunt,
598 3531 669 3594 qnae
685 3509 844 3575 fabricata
863 3519 947 3574 sunt.
1001 3509 1239 3573 Incusationem
1266 3532 1392 3595 quoque

234 3605 367 3691 recipiet
383 3615 552 3693 paternum
570 3608 711 3694 ipsorum
723 3609 839 3683 lumen,
854 3609 944 3695 quasi
961 3630 1025 3673 non
1042 3609 1143 3694 possit
1160 3630 1199 3672 ea
1217 3630 1289 3693 quae
1305 3609 1393 3674 intra
1407 3633 1460 3674 em

234 3701 338 3789 ipsum
364 3715 440 3773 sunt
467 3707 656 3782 illuminare,
687 3717 721 3773 et
753 3708 893 3795 implere.
956 3708 1074 3773 Adhuc
1104 3723 1215 3773 autem
1241 3718 1277 3774 et
1311 3709 1392 3775 labis

233 3803 374 3871 fructum
401 3808 545 3873 dicentes
578 3831 626 3884 ea,
653 3815 687 3873 et
717 3809 835 3873 erroris
867 3831 1010 3895 operam,
1043 3808 1148 3874 labem
1183 3815 1217 3873 et
1248 3830 1392 3876 errorem

233 3901 385 3972 inducent
401 3907 488 3973 intra
505 3908 666 3984 Pleroma,
685 3915 719 3974 et
736 3908 769 3972 in
786 3909 890 3974 sinum
908 3909 1026 3974 Patris.

281 4066 383 4127 labeo,
404 4067 785 4119 Gsassundarstandstorcfer
834 4071 933 4130 matrix,
959 4085 986 4118 as
1009 4069 1051 4118 the
1073 4068 1178 4118 Gnostic
1205 4070 1341 4135 imagined,
1367 4071 1396 4120 ol'

231 4154 259 4199 to
277 4151 320 4199 the
340 4149 483 4214 Demiurge.
519 4150 648 4200 Massuur
664 4151 714 4199 and
729 4151 783 4200 ὅτι·
834 4151 890 4200 evil.
924 4151 976 4200 Aa.
989 4150 1221 4212 readsocceperant.

230 4243 301 4280 nau
322 4232 398 4296 adopt
423 4234 466 4281 tha
488 4249 555 4281 same
577 4233 647 4291 view,
672 4233 719 4281 but
741 4233 784 4282 tha
883 4231 894 4264 ¹
911 4234 995 4294 labem,
1008 4233 1123 4298 repeated
1134 4234 1242 4298 perhaps
1254 4236 1369 4286 incrror.

230 4315 366 4364 translator
378 4331 427 4378 pro
443 4331 487 4364 sao
503 4330 566 4363 mors
582 4330 640 4378 may
656 4315 720 4362 haro
738 4315 782 4363 lol·
882 4313 962 4364 ”Tne
973 4316 1073 4365 Casan.
1092 4315 1142 4364 and
1160 4318 1211 4366 Aa.
1232 4317 1311 4368 MSS.
1330 4320 1391 4369 both

230 4396 310 4445 lowed
328 4399 371 4446 the
386 4397 558 4462 grammatical
575 4396 681 4445 concord
698 4397 727 4445 of
740 4397 784 4446 the
832 4399 892 4449 read
903 4407 930 4459 ot,
940 4399 1045 4448 omitted
1055 4400 1090 4463 by
1101 4398 1188 4447 Mssa.
1201 4399 1253 4448 and
1265 4400 1389 4450 Salam.

229 4483 318 4526 neuter
336 4480 465 4540 ὑστέρημα,
486 4479 528 4527 the
547 4479 627 4542 origin
649 4478 678 4526 ol
698 4478 782 4527 Demi·
882 4480 893 4512 ⁴
898 4480 957 4542 ficri
964 4496 1011 4530 eor.
1030 4481 1160 4529 Massusr
1168 4482 1325 4542 conjectures
1336 4485 1391 4534 that

226 4576 295 4628 urge,
313 4562 409 4615 andos
423 4563 466 4616 the
481 4561 596 4614 material
609 4562 729 4624 craatron,
742 4563 787 4611 tue
832 4562 1025 4612 tbeGreclnbad
1031 4563 1150 4612 ποιεῖσθαι
1157 4564 1250 4624 aava,
1258 4565 1342 4615 which
1348 4567 1391 4616 ue
