2954 4986
248 307 312 372 182
693 324 914 378 REDEMPTIO

81 496 233 584 gffllgilffi
248 479 379 565 drinaum
403 481 483 554 ὦσιν
511 482 812 575 άναγεγεννημένοι.
857 482 999 561 Ἀλλως
1027 482 1097 584 γάρ
1124 482 1290 555 άδύνατον
1316 482 1463 560 ε’ντόςυα

83 591 234 675 ἊΑὟΜῙ·
248 597 473 694 πληρώματος
501 599 671 668 εἰσελθεῖν·
707 595 817 679 ἐπειδὴ
852 596 933 679 αῦτη
964 597 1058 669 ἐστὶν
1088 601 1106 680 ἦ
1142 599 1186 675 εἷς
1222 595 1267 668 τά
1297 594 1404 683 βάθος

89 710 233 721 ”“““
249 703 369 814 [suppl.
394 716 458 782 τοῦ
483 703 608 813 βόθου]
637 704 836 800 κατάγουσα
863 711 988 786 αὐτούς.
1040 707 1096 781 Τά
1124 709 1186 794 μὲν
1217 708 1287 809 γάρ
1313 707 1405 797 βάτ-

247 854 355 906 πισμα
390 827 453 895 τοῦ
479 822 679 920 φαινομένου
708 821 829 906 Ἰησοῦ,
865 822 1016 920 άφέσεως
1050 825 1234 921 ἁμαρτιῶν,
1274 823 1337 905 τὴν
1371 821 1403 892 δὲ

248 934 484 1035 άπολάτρωσιν
502 941 565 1007 τοῦ
580 936 613 1004 ἕν
627 936 716 1024 αῦτῷ
727 934 887 1034 Χριστοῦ
904 936 1138 1019 κατελθόντος,
1159 937 1203 1011 εἷς
1221 936 1403 1007 τελείωσιν·

248 1049 303 1119 καὶ
329 1047 390 1119 ιτὸ
415 1046 474 1131 μὲν
499 1046 656 1143 ψυχικὸν,
685 1046 746 1128 τὴν
776 1045 811 1116 δὲ
837 1047 1052 1130 πνευματικὴν
1079 1047 1159 1118 εἶναι
1182 1050 1403 1147 ὑφίστανται.

251 1160 322 1230 Καὶ
345 1160 388 1232 τὸ
410 1159 469 1242 μὲν
487 1157 674 1245 βάπτισμα
701 1157 765 1230 ὑπὸ
792 1156 944 1231 Ἰωάννου
967 1161 1201 1252 κατηγγέλθαι
1233 1164 1278 1237 εἶς
1302 1159 1404 1243 μετά-

252 1304 348 1356 νοιαν,
374 1273 435 1354 τὴν
461 1270 495 1341 δὲ
520 1272 756 1371 ἀπολύτρωσιν
786 1271 851 1342 ὑπὸ
883 1267 924 1377 [l.
953 1279 1017 1344 τοῦ
1040 1274 1074 1343 ε’ν
1105 1274 1194 1362 αῦτῷ
1220 1267 1402 1378 Χριστοῦ]

248 1383 362 1466 Ἰησοῦ
394 1385 585 1467 κεκομίσθαι
619 1385 873 1461 εἶς.τελει’ωσιν.
919 1384 990 1455 Kal
1018 1388 1113 1456 τοῦτ’
1144 1384 1225 1457 εἶναι
1263 1386 1342 1486 περὶ
1369 1387 1404 1457 οῦ

249 1498 354 1588 λε’·γει·
395 1497 486 1567 ’Καὶ
521 1495 611 1567 ἄλλο
642 1492 829 1585 βάπτισμα
862 1497 928 1592 ἔχω
957 1498 1199 1584 βαπτισθῆναι,
1232 1500 1288 1569 καὶ
1321 1497 1404 1569 πάνυ

250 1611 426 1702 ἐπείγομαι
456 1612 499 1686 εἷς
530 1611 622 1681 αι’κκά.
673 1607 790 1679 Ἀλλὰ
820 1609 873 1679 καὶ
903 1619 975 1686 τοῖς
1009 1613 1086 1686 υἱοῖς
1119 1609 1315 1699 Ζεβεδαίου,
1347 1620 1403 1695 τῆς

249 1722 376 1822 μητρὸς
405 1723 509 1794 αῦτιῦν
537 1723 726 1804 αι’τουμένης
754 1721 797 1794 τὸ
831 1722 966 1792 καθίσαι
992 1722 1108 1799 adrosis
1137 1724 1173 1794 ἐκ
1203 1722 1322 1818 δεξιῶν
1350 1726 1402 1795 rui

249 1835 434 1934 άριστερῶν
460 1837 535 1919 μετ’
560 1835 663 1905 αῦτοῦ
688 1837 730 1910 εἷς
755 1835 815 1916 τὴν
838 1834 1026 1920 βασιλείαν,
1052 1836 1177 1918 ταύτην
1203 1841 1402 1935 προσθεῖναι

249 1948 310 2030 τὴν
326 1948 561 2046 ἀπολύτρωσιν
582 1944 644 2018 τάν
665 1946 790 2045 Κύριον
810 1946 977 2037 λέγουσιν,
1001 1948 1148 2019 εἰπόντα·
1178 1949 1339 2021 Δύνασθε
1362 1949 1403 2021 τά

247 2057 434 2147 βάπτισμα
453 2062 692 2148 βαπτισθῆναι,
711 2058 730 2130 ὃ
747 2057 814 2150 ἐγὼ
836 2059 952 2143 με’λλω
968 2058 1224 2162 βαπῖζεσθαι;
1251 2062 1325 2132 Καὶ
1343 2062 1404 2135 τάν

249 2271 287 2327 ut
304 2262 337 2326 in
355 2283 425 2326 eum
442 2280 513 2346 quoe
530 2266 579 2324 est
596 2256 812 2344 superomnia
828 2256 941 2336 virtus,
963 2258 1028 2323 siut
1052 2259 1246 2347 regenerati.
1298 2262 1403 2328 Aliter

250 2362 335 2427 enim
352 2360 442 2424 nobis
456 2357 647 2445 impossibile
663 2379 731 2422 esse
746 2356 832 2422 intrs
850 2356 999 2422 Pleroma
1011 2358 1154 2435 introire,
1166 2361 1320 2452 quoniam
1334 2363 1402 2428 hoeo

250 2469 301 2527 est
323 2483 394 2547 quus
413 2459 446 2523 in
468 2458 660 2544 profundum
678 2456 777 2544 Bythi
798 2456 927 2522 deduoit
950 2459 1121 2526 seeundum
1144 2481 1209 2528 eos.
1258 2460 1306 2525 Et
1325 2462 1402 2549 bap

250 2561 347 2626 tisms
363 2559 491 2643 quidem
507 2557 691 2643 apparentis
711 2557 736 2621 J
737 2578 793 2621 esu
813 2555 845 2619 in
863 2557 1079 2622 remissionem
1096 2580 1164 2623 esse
1181 2568 1400 2645 peecatorum,

250 2660 502 2743 redemptionem
522 2665 630 2722 sutem
654 2678 722 2720 esse
743 2657 811 2742 ejus
834 2655 888 2741 qui
911 2656 944 2720 in
964 2680 1002 2722 eo
1025 2658 1227 2724 deseenderit
1252 2661 1401 2746 ⁸spiritus

249 2759 291 2823 sd
317 2758 564 2843 perfectionem:
592 2764 626 2820 et
644 2755 721 2820 illud
741 2756 868 2841 quidem
888 2756 1033 2833 animale,
1058 2757 1145 2823 illem
1170 2766 1281 2824 sutem
1306 2761 1400 2847 spiri·

248 2859 347 2923 tnlom
369 2880 437 2922 esse
458 2855 696 2943 repromittunt.
749 2855 795 2920 Et
815 2855 975 2939 baptisma
999 2856 1128 2942 quidem
1151 2880 1172 2923 s
1193 2858 1324 2925 Josnne
1344 2883 1400 2926 su·

247 2958 434 3024 nunciatum
449 2958 482 3021 in
499 2955 731 3043 poenitentium,
748 2955 999 3040 redemptionem
1016 2965 1124 3023 sutem
1142 2957 1210 3043 ejus
1227 2960 1283 3044 qui
1305 2959 1339 3024 in
1362 2983 1399 3026 eo

248 3067 298 3127 est
317 3059 448 3134 Christi,
466 3057 604 3143 positam
621 3077 688 3120 esse
705 3055 747 3119 sd
763 3054 1010 3140 perfeetionemx
1036 3063 1070 3121 et
1091 3056 1152 3122 hoo
1173 3080 1242 3123 esse
1267 3060 1309 3123 de
1335 3083 1399 3146 quo

248 3160 344 3226 dicit:
372 3158 474 3224 Aliud
488 3155 638 3244 baptismo
655 3153 746 3220 tadeo
773 3154 939 3240 baptizari,
956 3165 985 3220 st
1000 3156 1089 3220 ualde
1098 3178 1233 3245 propero
1247 3159 1294 3223 ud
1306 3160 1396 3226 illud.

248 3259 313 3324 Sed
324 3268 358 3324 et
374 3258 445 3322 filiis
456 3256 615 3334 Zebedaei,
634 3264 738 3321 matre
749 3254 888 3340 ipsorum
899 3255 1091 3341 postulante,
1102 3264 1139 3321 ut
1151 3257 1264 3323 sedere
1277 3259 1398 3325 lsoeret

246 3380 301 3422 eos
317 3381 337 3422 s
354 3357 477 3421 dextris
493 3364 527 3419 et
544 3378 565 3420 s
580 3353 716 3418 sinistris
732 3376 805 3419 oum
821 3376 860 3419 eo
876 3353 910 3418 in
925 3376 1033 3444 regno,
1051 3355 1133 3420 huno
1148 3358 1334 3442 apposuisse
1350 3382 1398 3424 re·

246 3456 461 3542 demptionem
491 3452 665 3518 Dominum
690 3453 809 3529 dieunt,
834 3454 1009 3521 dicentem:
1041 3456 1181 3522 Potestis
1215 3456 1398 3545 baptismum

289 3634 505 3697 1τδμένψνχικόν.
525 3633 550 3682 S.
561 3632 696 3693 Iamne,
705 3632 797 3696 taking
843 3632 912 3700 Yl'ltt
927 3635 1062 3697 ἐπείγομαι,
1078 3635 1110 3684 ef.
1126 3636 1168 3685 Ps.
1182 3636 1260 3687 lxviii.
1274 3651 1313 3700 32.
1347 3639 1400 3687 'l'he

244 3717 289 3767 the
298 3718 398 3782 highest
405 3717 467 3766 view
474 3717 502 3765 of
510 3717 553 3766 the
559 3731 632 3780 grnee
642 3715 671 3763 of
678 3714 794 3778 baptism,
845 3716 954 3765 Hsbrsw
964 3717 1068 3766 student
1078 3717 1129 3766 will
1139 3720 1279 3768 remembsr
1290 3721 1347 3769 thst
1357 3721 1399 3769 the

244 3801 376 3859 mentions,
393 3800 452 3864 only
462 3805 489 3848 to
507 3799 636 3858 oondemn,
651 3798 696 3846 the
709 3797 796 3845 uotion
844 3798 953 3848 Hebrew
970 3771 1024 3850 his
1043 3799 1260 3865 interchsngenble
1277 3803 1339 3851 with
1357 3803 1400 3850 the

243 3881 301 3930 sust
328 3882 454 3930 Christian
483 3882 592 3946 bsptism
613 3897 664 3929 wss
689 3878 796 3941 nothing
844 3879 962 3931 (ibeldsic
972 3898 1001 3931 or
1013 3877 1143 3946 Syriam,

245 3979 314 4012 more
324 3964 386 4012 thnn
397 3964 440 4012 the
451 3964 559 4028 baptism
575 3964 603 4011 of
616 3963 687 4012 John
704 3962 744 4011 for
758 3977 794 4009 re·
886 3961 898 3994 ⁸
914 3964 967 4013 The
977 3969 1071 4013 correct
1079 3963 1302 4028 readingseemsto
1311 3964 1397 4027 bospi-

244 4051 375 4110 peutsnee.
841 4043 1000 4110 ritusfflffi
1008 4046 1398 4111 cnm.,1>sss,voss)2rmng

293 4126 305 4158 ¹
320 4128 412 4192 Again,
422 4128 623 4191 theresdermsy
632 4125 795 4176 bereminded
842 4127 953 4192 possibly
963 4129 1027 4177 from
1044 4128 1088 4178 the
1104 4129 1189 4179 Greek
1206 4127 1318 4193 Χριστοῦ
1329 4131 1395 4177 πεί»

242 4209 300 4258 tbnt
308 4210 351 4259 the
357 4215 424 4259 texts
432 4226 474 4258 sre
481 4211 581 4258 written
589 4210 662 4258 down
673 4225 701 4257 ss
711 4209 746 4274 by
752 4208 795 4257 the
842 4225 933 4268 ματοει
952 4211 977 4258 in
995 4210 1039 4259 the
1055 4210 1161 4260 Gnostio
1183 4216 1291 4275 syntems
1308 4212 1329 4260 it
1346 4226 1396 4258 παι

242 4293 332 4355 penos
344 4293 498 4342 theheretio.
533 4291 612 4340 There
624 4291 705 4340 would
719 4307 792 4351 seem,
843 4290 935 4351 Christ,
951 4293 994 4341 the
1008 4294 1110 4354 σύζυγον
1124 4292 1153 4341 of
1167 4293 1294 4358 thelloly
1309 4292 1394 4356 spirit,

242 4373 364 4434 however,
376 4379 404 4422 to
418 4373 449 4422 bo
460 4389 475 4422 s
486 4373 617 4422 confusion
631 4373 740 4421 between
752 4372 795 4421 the
842 4384 860 4422 n
880 4375 893 4433 fi
912 4391 935 4435 4,
954 4375 1011 4423 thst
1032 4374 1169 4424 desosudsd
1187 4391 1256 4438 upon
1276 4375 1352 4423 Jesus
1368 4380 1396 4421 st

244 4472 331 4536 Syriae
350 4451 455 4578 ςΔλ
472 4479 559 4533 arctor,
570 4471 621 4521 sud
632 4472 674 4521 the
686 4471 794 4521 Hebrew
842 4454 950 4586 Zpllm
963 4455 1013 4504 und
1027 4455 1155 4506 oonierred
1169 4472 1238 4521 upon
1255 4456 1307 4505 him
1324 4455 1393 4504 mire·

883 4552 928 4587 ουκ
939 4552 1041 4602 powers.
