2954 4986
565 362 771 415 snouunus.
1171 349 1235 413 101

82 517 151 588 υἶδν
170 520 449 617 προενέγκασθαι·
485 520 538 591 xci
558 526 682 592 τοῦτον
701 518 779 590 εἶναι
799 518 860 591 τδν
878 518 1100 618 Δημιουργδν,
1122 519 1158 592 δν
1180 519 1234 590 καὶ
1256 533 1392 619 ξιξ·1ξ·;·11ζ

83 629 349 729 παντοκράτορα
373 633 465 723 λέγει
490 638 557 705 τῦνν
584 633 807 714 ὑποκειμένων.
840 633 1180 730 Συμπροβεβλῆσθαι
1201 626 1400 714 &Q

83 743 177 831 αὐτῷ
190 743 244 813 καὶ
266 742 408 841 ἄριστον
424 740 464 849 [l.
478 738 676 848 ἀριστερὸν]
693 743 846 842 ἄρχοντα
867 740 1098 835 ἐδογμάτισεν,
1118 745 1235 828 ὁμοίως

81 864 155 930 τοῖς
173 857 410 952 ῥηθησομένοις
427 859 485 956 ὑφ’
501 862 587 940 ἡμῶν
605 855 819 953 ψευδωνύμως
839 857 1047 934 Γνωστικοῖς.
1081 856 1152 927 Kal
1175 854 1235 928 τδν

80 966 214 1046 Ἰησοῦν
248 966 335 1039 ποτέ
368 967 427 1051 μὲν
458 968 527 1040 ἆπδ
558 975 621 1040 τοῦ
657 969 886 1045 συσταλέντος
916 968 986 1039 tet
1019 977 1078 1051 τῆς
1109 966 1236 1066 μητρὸς

83 1079 199 1162 αῦτῶν,
213 1082 492 1176 συνοναχνθέντος
507 1077 579 1188 [ad.
593 1075 652 1185 τε]
666 1091 737 1185 τοῖς
756 1082 848 1158 ὅλοις
860 1082 1126 1179 προβεβλῆσθαέ
1140 1087 1236 1179 φησι,

47 1253 51 1261 .
82 1191 246 1263 τουτέστι
265 1198 328 1263 τοῦ
344 1192 507 1274 θελητοῦ·
538 1191 624 1264 ποτέ
646 1191 680 1262 δέ
700 1191 768 1263 ἆτδ
785 1198 848 1264 τοῦ
865 1191 1112 1292 ἀναδραμόντος
1131 1194 1174 1270 εἷς
1192 1191 1236 1263 τδ

85 1302 271 1400 Πλῆρωμα,
291 1305 451 1376 τουτέστι
472 1312 535 1376 τοῦ
554 1305 724 1404 Χριστοῦ·
762 1303 849 1376 ποτέ
869 1303 903 1375 δέ
922 1303 992 1376 άπὸ
1008 1310 1073 1375 τοῦ
1087 1304 1237 1404 Ἀνθρω-

83 1445 151 1484 που
164 1416 217 1485 καὶ
237 1424 294 1497 τῆς
312 1415 524 1499 Ἐκκλησῖας.
554 1417 625 1487 Καὶ
645 1415 688 1488 τδ
704 1416 842 1500 Πνεῦμα
863 1415 897 1487 δέ
916 1415 959 1488 τδ
979 1413 1078 1508 ἅγιον
1097 1415 1161 1487 ῦπδ
1179 1425 1237 1499 τῆς

82 1526 302 1610 ΙἘκκλησιάς
322 1524 363 1634 [l.
381 1524 581 1633 Ἀληθείας]
602 1529 688 1629 φησὶ
712 1531 975 1626 προβεβλῆσθαι
1001 1531 1044 1605 εἷς
1066 1526 1237 1627 ἆνάκρισιν

82 1639 136 1709 καὶ
162 1641 399 1739 καρποφορέαν
419 1647 486 1713 τῶν
504 1642 647 1725 Αέῶνων,
672 1637 822 1740 ἆοράτως
847 1643 889 1717 εἷς
919 1640 1034 1718 αὐτοῦς
1056 1642 1168 1711 εἰσιάν·
1196 1639 1238 1710 δι’

85 1753 127 1822 οῦ
140 1751 217 1828 τοῦς
232 1753 362 1829 Αἶῶνας
380 1760 610 1853 καρποφορεῖν
630 1750 676 1824 τά
693 1750 806 1851 ἢφυτά
824 1759 881 1834 τῆς
901 1752 1065 1833 ἆληθεῖας.

167 1954 199 2000 2.
247 1931 445 2010 32⁶,wfimto5
472 1935 566 2025 λέγει
591 1933 634 2003 εἴ.
763 1930 943 2009 Σεκοῦνδος
973 1933 1032 2016 μέν
1064 1963 1115 2009 τις·
1146 1929 1233 2002 κατὰ
1246 1945 1385 2042 {hlfflg'ff

28 2033 69 2069 '¹⁴¹'
85 2075 135 2113 ναι
180 2044 241 2126 την
288 2047 421 2143 πρώτην
475 2043 633 2137 ὀγδοάδα,
684 2044 727 2117 τδ
751 2044 834 2116 αῦτδ
857 2041 926 2128 ἅμα
952 2047 1004 2134 τῷ
1027 2044 1234 2135 Πτολεμαίῳ

84 2153 232 2254 τετράδα
262 2155 370 2251 δεξιὰν
402 2159 455 2228 καὶ
486 2155 633 2256 τετράδα
687 2159 866 2249 γενόμενος,
886 2157 982 2234 οῦτος
1002 2158 1095 2248 λέγει
1112 2154 1236 2255 τετρά-

83 2269 275 2366 ἰιριστερδν,
312 2268 413 2346 οῦτως
439 2268 636 2369 παραδιδοὺς
687 2268 727 2339 δα
760 2268 837 2339 εἶναι
870 2267 979 2364 δεξιὰν
1005 2269 1057 2339 καὶ
1087 2264 1236 2367 τετράδα

83 2439 193 2495 autern
217 2431 352 2516 spiritali
379 2432 568 2507 substantia,
598 2433 735 2497 alterum
760 2432 859 2496 filium
885 2432 1031 2496 emisisse.
1085 2432 1131 2497 Et
1152 2432 1236 2498 huno

83 2553 151 2594 esse
179 2530 394 2618 Demiurgum,
421 2554 516 2617 quem
541 2544 574 2597 et
600 2533 850 2618 omnipotentem
877 2532 954 2597 dicit
977 2554 1087 2596 eorum
1110 2554 1181 2618 quae
1206 2532 1236 2596 ei

83 2630 261 2714 subjacent.
315 2631 510 2695 Cosmissum
526 2638 634 2696 autem
656 2632 685 2695 ei
711 2639 745 2696 et
770 2631 933 2696 sinistrum
950 2631 1133 2717 principem,
1151 2631 1235 2696 simi-

84 2729 146 2792 lem
167 2727 341 2816 [similiter]
364 2730 402 2794 iis
424 2731 477 2816 qui
504 2731 650 2795 dicentur
674 2754 695 2796 a
720 2732 810 2796 nobis
833 2731 902 2796 falsi
928 2731 1063 2795 nominis
1083 2730 1235 2797 Gnostici.

87 2828 132 2892 Et
149 2828 173 2891 J
175 2851 263 2892 esum
280 2840 388 2894 autem
405 2830 576 2915 aliquando
593 2830 721 2914 quidem
738 2832 780 2895 ab
797 2852 836 2895 eo
853 2830 906 2915 qui
918 2838 1083 2915 separatus
1100 2837 1237 2896 amatre

86 2950 196 2991 eorum
217 2935 250 2991 et
273 2930 471 2994 coadunatus
490 2937 629 2994 osteum
650 2930 787 3016 reliquis,
810 2930 957 2994 emissum
975 2929 1063 3002 dicit,
1087 2929 1120 2993 id
1142 2937 1192 2994 est
1217 2952 1237 2993 a

86 3026 244 3091 Theleto:
270 3028 439 3114 aliquando
459 3035 567 3093 autem
583 3029 625 3093 ab
642 3052 689 3102 eo,
712 3029 765 3114 qui
782 3026 957 3093 recucurrit
973 3049 1097 3091 sursum
1114 3028 1146 3090 in
1166 3027 1238 3091 Ple-

87 3148 186 3202 roma,
213 3127 274 3192 hoc
301 3136 350 3192 est
378 3151 398 3192 a
425 3127 573 3192 Christo:
605 3128 775 3213 aliquando
804 3137 912 3191 autem
939 3126 981 3189 ab
1008 3124 1180 3211 Anthropo
1203 3133 1237 3190 et

88 3224 239 3290 Ecclesia.
267 3226 311 3290 Et
326 3225 481 3312 Spiritum
497 3235 606 3292 autem
618 3236 764 3292 sonetum
781 3249 801 3290 a
818 3224 967 3290 Veritate
983 3225 1061 3289 dicit
1079 3224 1236 3303 emissum,

87 3322 119 3385 in
146 3325 413 3390 examinationem
440 3335 474 3391 et
503 3326 781 3391 fructificationem
805 3326 956 3401 AEonum‚
980 3323 1180 3389 invisibiliter
1203 3323 1237 3388 in

87 3445 142 3486 eos
158 3423 385 3497 introeuntem.
405 3448 463 3512 per
481 3448 576 3511 quem
600 3427 721 3490 AEones
737 3424 969 3489 fructificarent
988 3424 1064 3488 lolia
1081 3423 1234 3489 veritatis.

86 3520 187 3586 ⁴Haec
205 3524 331 3608 quidem
348 3525 408 3590 ille.

163 3623 194 3687 2.
233 3623 396 3688 Secundus
412 3632 521 3689 autem
538 3623 673 3709 primam
690 3624 867 3710 ogdoadem
889 3622 934 3687 sio
951 3621 1096 3699 tradidit,
1111 3621 1235 3691 dicens:

86 3723 363 3807 quatemationem
397 3746 464 3788 esse
498 3725 656 3796 dextram,
689 3731 722 3788 et
757 3723 1033 3809 quatemstionem
1065 3721 1236 3799 sinistram,

135 3889 145 3921 ¹
163 3890 210 3938 We
221 3896 289 3938 must
299 3891 420 3954 certainly
431 3890 633 3950 τεαᾰἊληθείας,
688 3893 721 3957 by
734 3893 910 3950 densamus,
925 3907 944 3939 c.
957 3891 1026 3939 Hoer.
1040 3903 1115 3939 mr.
1132 3907 1153 3951 r,
1167 3893 1238 3940 buta

85 3969 125 4016 for
132 3969 229 4031 though
236 3969 279 4016 the
287 3968 392 4031 Spiritis
403 3968 456 4016 said
465 3969 562 4016 tohuve
573 3984 637 4016 ema·
688 3985 756 4017 more
771 3969 853 4017 literal
868 3973 1028 4032 counterpsrt
1044 3968 1073 4016 of
1090 3969 1134 4016 the
1152 3968 1236 4031 Latin,

85 4051 161 4100 nsted
173 4051 236 4098 from
248 4050 411 4114 Monogenes,
430 4049 478 4110 54,
498 4049 550 4097 still
562 4048 636 4108 ’Δλή-
689 4049 715 4096 in
736 4064 804 4095 some
821 4053 936 4110 respecto,
956 4048 977 4095 is
994 4063 1051 4094 now
1069 4047 1182 4111 supplied
1203 4049 1238 4112 by

85 4137 138 4181 θεια
156 4149 207 4181 was
227 4133 265 4181 his
283 4134 390 4192 σύζυγος,
410 4130 460 4179 and
477 4147 505 4178 so
521 4131 560 4178 far
575 4130 637 4178 inse·
689 4129 867 4187 ΗΙΡΡοοῑυυο,
881 4130 924 4177 the
941 4129 1021 4177 friend
1035 4127 1085 4176 and
1098 4128 1199 4192 disciple
1213 4128 1242 4176 of

83 4215 186 4279 parable
197 4215 262 4263 from
273 4215 325 4262 him
334 4214 488 4262 infunction.
689 4209 815 4258 Iussus
821 4228 828 4272 ;
844 4211 895 4258 this
906 4209 992 4258 stands
1004 4210 1029 4258 in
1040 4210 1083 4258 the
1093 4209 1238 4274 right-hand

133 4294 145 4326 ¹
162 4296 235 4356 φυτά,
254 4295 307 4343 'I'he
318 4294 453 4342 translator
464 4292 584 4341 indicates
594 4291 638 4340 the
689 4292 796 4340 column.

85 4395 163 4427 worse
174 4378 277 4441 reading
288 4377 317 4425 os
325 4379 415 4436 φύλλα.
737 4372 749 4403 ⁴
775 4373 828 4421 The
850 4371 984 4420 translator
1006 4371 1071 4429 read,
1097 4372 1137 4418 nel
1163 4371 1175 4418 ὸ
1196 4372 1240 4429 μὲν

134 4459 145 4491 ⁸
162 4459 215 4507 The
226 4459 309 4507 Greek
324 4458 430 4506 texthas
441 4457 502 4504 been
514 4453 639 4519 supposed
689 4456 774 4513 ταῦτα,
788 4453 838 4501 and
849 4454 892 4501 the
908 4453 1022 4516 apodosis
1038 4452 1140 4510 follows,
1154 4450 1240 4499 Secun-

85 4542 195 4590 hitherto
215 4547 242 4589 to
260 4540 323 4588 have
341 4539 401 4586 been
419 4535 550 4600 preserved
567 4534 638 4583 slone
688 4533 735 4581 dus
745 4539 831 4582 αιιιεω,
