2954 4986
440 375 695 428 ιειιοιιιιιιιιιιι
721 375 885 429 aursus.
1169 359 1236 424 313

83 523 203 611 Sophia
216 531 350 590 nonest.
378 525 475 590 Non
462 547 529 610 Jam
543 525 639 613 igitur
653 526 802 643 Sophiam
816 547 943 613 passum
958 527 1099 591 AEonem
1109 534 1235 600 vocent
1277 545 1331 630 up.
1341 545 1371 585 ιι.

81 628 138 691 sed
152 636 209 690 aut
227 627 408 692 vocabulum
429 629 507 712 ejus,
522 636 578 692 aut
598 629 759 714 passiones
780 627 1033 714 praetermittant
1079 628 1124 693 Et
1140 628 1238 745 pleni·
1256 594 1395 723 ῦὲΑΞῖεἷιιι
1355 684 1384 722 u

82 729 224 794 tudinem
246 738 352 794 autem
373 730 548 794 universam
569 752 632 794 ιιοιι
654 731 759 795 dicant
780 731 962 815 spiritalem,
983 730 1010 795 si
1032 730 1147 795 intra
1138 753 1403 816 ipsam—-
1278 729 1337 768 '‘¹³⁶¹''
1347 731 1364 767 ¹·

82 833 176 896 AEon
189 833 251 911 hie,
267 854 338 896 eum
352 841 436 897 esset
450 833 482 896 in
497 832 692 918 passionibus
711 832 819 910 tantis,
839 841 1039 898 conversatus
1052 841 1109 898 est.
1157 833 1239 898 Haeo

82 933 168 998 enim
191 956 230 998 ne
255 935 359 998 anima
385 935 510 1019 quidem
536 935 635 1011 sortis,
662 957 725 999 non
748 935 851 999 dieam
879 934 1028 1020 spiritalis
1052 935 1239 1014 substantia,

82 1036 244 1121 percipiet.
289 1037 452 1118 Quomodo
466 1047 572 1102 autem
586 1060 693 1102 rursus
709 1037 912 1122 Enthymesis
926 1039 995 1123 ejus
1009 1060 1080 1102 cum
1095 1038 1241 1124 passione

83 1139 255 1224 procedens
272 1139 440 1224 separatim
463 1148 586 1225 poterat
608 1140 696 1205 fierit
733 1139 937 1226 Enthymesis
959 1140 1043 1204 enim
1065 1162 1134 1205 esse
1151 1140 1240 1204 intel·
1266 1224 1269 1229 ,

83 1242 191 1328 ligitur
206 1245 297 1328 ¹erga
311 1242 455 1326 aliquem,
471 1243 539 1327 ipsa
557 1251 664 1307 autem
681 1265 823 1308 seorsum
843 1266 1001 1328 nunquam
1023 1244 1089 1309 fiet.
1126 1242 1241 1308 Exter-

84 1345 221 1408 minatur
234 1345 317 1408 enim
328 1353 361 1408 et
374 1345 558 1409 absorbetur
565 1345 766 1410 malsabona
775 1345 970 1432 Enthymesi,
981 1346 1241 1431 quemadmodum

84 1447 300 1532 aegrimoniam
321 1448 362 1511 ab
384 1447 606 1513 incolumitate.
651 1447 729 1528 Quae
744 1449 828 1513 enim
841 1458 909 1514 erat
923 1448 1024 1535 ²prior
1039 1447 1242 1535 Enthymesis

40 1565 66 1603 ιι.
84 1549 258 1633 passionis?
295 1548 468 1632 Exquirere
484 1550 623 1626 Patrem,
638 1557 671 1614 et
686 1550 930 1635 magnitudinem
949 1553 1018 1636 ejus
1036 1550 1242 1615 considerare.

87 1652 170 1732 Quid
184 1660 290 1716 autem
308 1674 402 1717 suasa
421 1661 471 1716 est
490 1662 608 1738 postea,
624 1660 656 1716 et
675 1652 850 1717 convaluit?
894 1653 1048 1734 Quoniam
1070 1653 1242 1737 incompre-

85 1753 255 1831 hensibilis,
271 1761 304 1819 et
318 1755 370 1839 qui
385 1755 513 1819 inveniri
528 1776 591 1818 non
605 1753 713 1839 possit,
728 1763 777 1818 est
787 1755 893 1819 Pater.
931 1755 1004 1819 Non
1018 1755 1113 1842 igitur
1125 1757 1242 1819 bonum

85 1866 164 1935 erat,
176 1858 258 1942 quod
268 1858 360 1922 vellet
374 1879 561 1944 cognoscere
573 1858 712 1935 Patrem,
722 1865 755 1922 et
769 1866 895 1943 propter
908 1857 968 1924 hoe
982 1866 1066 1922 esset
1079 1858 1240 1944 passibile;

86 1960 143 2024 sed
157 1959 280 2043 quando
295 1981 388 2024 suasa
408 1968 457 2024 est
472 1959 618 2044 quoniam
631 1959 873 2044 ³investigabilis
893 1968 977 2025 esset
997 1960 1103 2037 Pater,
1119 1968 1151 2024 et
1169 1981 1242 2024 con·
1253 1975 1372 2026 rote&

86 2062 256 2126 valescens.
287 2062 350 2126 Sed
365 2062 415 2127 ille
429 2064 496 2147 ipse
512 2063 582 2127 Nus
596 2062 648 2147 qui
663 2064 822 2147 quaerebat
834 2064 973 2143 Patrem,
985 2063 1118 2129 cessavit
1132 2084 1242 2128 secun

87 2163 163 2227 dum
184 2185 240 2230 eos
256 2164 358 2230 adhue
380 2187 528 2250 quaerere,
543 2165 666 2230 discens
688 2166 835 2250 quoniam
856 2165 1172 2252 incomprehensibilis
1193 2172 1242 2230 est

88 2265 196 2330 Pater.

531 2487 632 2555 cAP.
655 2487 797 2556 XXIV.

90 2627 155 2703 Oet
124 2627 253 2704 atenaco
288 2626 465 2728 quomodo
500 2654 613 2726 neque
640 2626 932 2727 Enthymesis
898 2655 976 2703 stne
1002 2628 1123 2702 AEooe
1151 2652 1241 2726 pvo-

158 2747 292 2846 priom
337 2745 504 2820 babuerit
550 2745 799 2839 substantiam,
843 2772 956 2846 oeque
993 2744 1123 2845 passio
1164 2741 1242 2818 siae

162 2861 380 2960 Enthymesi
404 2875 463 2936 est

40 3070 62 3104 ι,
89 3030 372 3112 Qneusnuonou
403 3029 499 3116 igitur
528 3027 731 3114 Enthymesis
759 3036 882 3113 poterat
907 3034 1052 3113 separata
1081 3023 1244 3110 concipere

87 3134 259 3220 passiones,
274 3155 344 3218 quae
359 3141 392 3198 et
403 3133 479 3218 ipsae
493 3132 673 3197 affectiones
687 3133 755 3218 ejus
768 3133 879 3196 erantt
910 3130 1047 3195 Affectio
1057 3129 1141 3192 enim
1152 3132 1245 3212 ¹erga

88 3237 223 3320 aliquem
238 3236 285 3314 tit,
294 3235 363 3321 ipsa
376 3242 482 3299 autem
496 3256 636 3299 seorsum
647 3256 710 3299 non
721 3242 825 3320 potest
839 3255 984 3312 esse,nee
993 3240 1147 3299 constare.
1170 3231 1201 3296 N
1203 3253 1245 3296 on

89 3339 190 3404 solum
204 3347 309 3403 autem
325 3338 469 3402 instabile
483 3337 543 3402 hoc
557 3345 616 3415 est,
627 3336 683 3401 sed
697 3337 792 3402 etiam
807 3337 994 3401 eontrarium
1009 3336 1049 3414 ei,
1065 3336 1147 3421 quod
1161 3342 1211 3400 est
1224 3355 1245 3398 a

90 3441 228 3506 Domino
252 3449 358 3505 nostro
381 3440 519 3504 dietum:
554 3439 697 3518 Quarto,
721 3449 750 3504 et
769 3439 939 3504 invenietis.
984 3439 1140 3504 Dominus
1161 3436 1388 3503 enimunvur.

90 3543 257 3628 quaerendo
275 3551 309 3607 et
325 3541 508 3606 inveniendo
524 3541 662 3620 Patrem,
678 3543 832 3627 perfectos
850 3549 1048 3608 consummat
1066 3540 1242 3627 discipulos.

92 3645 127 3709 ls
141 3652 248 3709 autem
266 3645 317 3729 qui
340 3666 464 3709 sursum
485 3652 534 3708 est
550 3643 693 3709 Christus
707 3645 854 3730 ipsorum,
870 3666 926 3730 per
941 3644 975 3707 id
995 3643 1078 3727 quod
1098 3639 1245 3727 praeeepit

92 3748 254 3813 AEonibus
282 3770 345 3811 non
371 3769 508 3832 quaerere
535 3747 674 3824 Patrem,
696 3748 832 3811 suadens
858 3746 1004 3831 quoniam
1028 3744 1088 3810 etsi
1112 3744 1245 3808 multum

91 3852 298 3916 laboraverint
316 3873 379 3917 non
398 3872 469 3916 eum
485 3850 651 3927 invenient,
667 3850 822 3934 perlectos
841 3871 895 3914 eos
918 3847 1154 3913 consummavit.
1199 3847 1246 3911 Et

92 3954 120 4019 si
134 3954 259 4039 quidem
274 3955 344 4041 ⁴[se
353 3953 492 4039 quidem]
505 3953 660 4039 perfectos
672 3952 761 4017 aiunt
775 3953 808 4015 in
821 3973 859 4016 eo
874 3953 956 4037 quod
971 3951 1078 4017 dicant
1091 3949 1245 4016 invenisse

141 4147 151 4179 ¹
169 4149 242 4209 Erpa,
258 4149 319 4211 περὶ,
333 4164 357 4212 p.
371 4162 408 4209 14,
420 4164 445 4196 ιι.
454 4164 482 4208 43
505 4159 559 4209 317,
572 4164 597 4197 ιι.
609 4162 629 4196 ι.
692 4147 726 4195 xi.
734 4159 772 4208 33.
786 4144 860 4194 Blnu.
869 4157 966 4207 aup.15.
975 4144 1005 4192 τὸ
1016 4143 1194 4204 ἀνεξιχνίαστον
1203 4144 1246 4191 τοῦ

141 4227 153 4260 ¹
169 4228 405 4292 Prior-poesim,
424 4230 468 4277 the
487 4229 570 4277 Greek
587 4244 644 4277 eon·
693 4229 784 4290 πατρὸς
793 4226 902 4276 reddidit
910 4224 1080 4289 investigabile
1087 4225 1179 4275 Patris.
1192 4223 1242 4274 Ga.

93 4313 224 4361 struction.
742 4309 754 4340 ⁴
770 4309 864 4359 Galat
881 4324 997 4373 proposes
1013 4323 1036 4357 se
1052 4306 1149 4370 quidem
1165 4306 1247 4355 which

142 4392 358 4457 ³laeestr'yoln'lta]
380 4392 432 4442 Pro
453 4392 646 4456 ininvestigabili
695 4406 772 4440 seems
783 4391 908 4454 requisita.
940 4386 1248 4452 Authorityisinfavour

93 4473 263 4536 accipiendum
282 4482 321 4534 eat,
341 4474 405 4536 quod
424 4474 500 4523 Graeci
517 4475 646 4536 ἀνεξιχνία·
696 4473 759 4522 otei
777 4473 880 4537 quidem,
900 4474 947 4522 but
964 4473 1007 4521 the
1024 4472 1075 4519 Aa.
1095 4469 1153 4519 MS.
1173 4469 1247 4517 omits

95 4572 153 4604 στον
168 4563 260 4617 vocam,
278 4555 479 4618 queamdmodum
493 4556 565 4606 etiam
575 4557 645 4606 Rom.
696 4562 717 4603 at
727 4554 861 4618 siquidem.
873 4590 879 4603 .
890 4592 895 4604 .
906 4591 912 4603 .
923 4554 1018 4604 AEonoa
1028 4559 1115 4602 autem.
