2954 4986
232 337 300 405 376
591 349 668 403 nou
695 349 737 402 m
764 347 889 401 amau
914 346 1040 405 vrrmr

101 525 190 608 app.
232 503 506 583 incantationibus,
536 525 594 570 nec
618 501 737 588 reliqua
758 523 852 588 prava
881 499 1081 577 curiositate;
1121 498 1180 563 sed
1212 495 1327 561 munds
1354 503 1382 560 et

76 581 211 703 “fillgllllf‘
233 629 309 694 pure
329 616 363 672 et
384 607 546 673 manifeste
569 608 726 672 orationes
745 605 932 693 ¹din’gentes
957 600 1125 691 [dirigens]
1148 600 1192 666 ad
1207 599 1381 677 Dominum,

69 710 217 790 fil-⁶·-
234 711 288 797 qui
310 710 414 775 omnia
435 710 519 787 lecit,
542 719 574 776 et
597 733 711 775 nomen
726 708 853 774 Domini
878 707 975 772 nostri
994 706 1073 771 Jesu
1091 703 1211 771 Christi
1232 703 1383 778 invocans,

234 815 366 879 virtutes
383 815 568 880 ²secundum
592 814 743 878 utilitates
765 813 935 888 hominum,
958 811 1094 875 sednon
1116 810 1158 874 ad
1174 807 1384 873 seductionem

234 919 375 1003 perfecit.
421 918 456 981 Si
478 918 582 1004 itaque
604 925 636 982 et
658 939 742 981 nunc
759 938 872 980 nomen
894 914 1022 978 Domini
1044 911 1143 978 nostri
1168 911 1252 975 Jesu
1275 909 1384 974 Christi

233 1020 384 1085 beneficia
413 1029 552 1106 praestat,
581 1028 615 1084 et
643 1028 732 1085 curat
761 1017 935 1082 firmissime
969 1026 1001 1080 et
1031 1037 1102 1080 vere
1131 1035 1243 1078 omncs
1273 1012 1384 1095 ,ubique

234 1122 398 1187 credentes
427 1122 459 1186 in
485 1144 567 1200 eum,
597 1122 653 1186 sed
682 1144 743 1185 non
772 1119 917 1198 Simonis,
947 1140 1047 1206 neque
1078 1115 1262 1193 Menandri,
1292 1136 1384 1200 neque

235 1223 444 1311 Carpocratia,
466 1246 523 1290 nec
549 1223 675 1289 alterius
695 1225 915 1310 cujuscunque,
938 1221 1136 1285 manifestum
1157 1225 1219 1296 est,
1244 1217 1384 1302 quoniam

167 1324 173 1337 '
234 1328 328 1393 homo
343 1328 455 1406 iactus,
471 1337 671 1393 conversatus
685 1335 734 1392 est
755 1349 826 1392 cum
841 1347 898 1390 suo
912 1324 1074 1411 plasmate,
1090 1325 1180 1387 ³vere
1195 1321 1304 1387 omnia
1317 1321 1384 1386 lecit

233 1455 274 1497 ex
289 1431 403 1497 virtute
418 1431 490 1509 Dei,
506 1431 676 1497 secundum
692 1431 840 1518 placitum
861 1429 966 1494 Patris
989 1428 1213 1505 universorum,
1235 1425 1385 1511 quomodo

234 1535 395 1621 prophetae
410 1535 631 1619 proedixerunt.
682 1535 760 1617 Qum
775 1543 880 1599 autem
901 1542 989 1599 erant
1004 1534 1083 1613 haec,
1099 1532 1131 1596 in
1150 1531 1202 1597 his
1225 1553 1299 1618 quae
1318 1538 1386 1596 sunt

234 1663 274 1707 ex
290 1641 481 1727 propheticis
496 1641 725 1707 ostensionibus
739 1642 954 1706 narrabuntur.

735 1871 836 1937 cAP.
861 1871 899 1936 L.

288 2009 449 2086 Ostensio
468 2009 564 2109 quod
581 2037 652 2085 non
670 2022 855 2085 transcant
872 2008 1005 2084 cnirnae
1022 2007 1062 2081 in
1080 2007 1160 2081 alic
1178 2033 1344 2107 corporo.

236 2160 290 2225 Dr
323 2184 450 2249 corpore
482 2169 589 2227 autem
621 2161 653 2225 in
680 2182 793 2245 corpus
820 2158 1126 2245 transmigrationem
1153 2158 1295 2244 ipsorum
1317 2159 1382 2224 sub
1394 2178 1445 2223 aa·

234 2271 392 2328 vertamus
415 2285 456 2328 ex
479 2286 526 2342 eo,
550 2263 632 2350 quod
662 2263 887 2327 nihilomnino
916 2283 1022 2327 eorum
1043 2262 1130 2347 ‘quae
1159 2267 1235 2325 ante
1265 2260 1382 2337 fuerint,

234 2367 432 2431 meminerint
456 2366 580 2431 animae.
626 2365 660 2430 Si
680 2365 763 2430 enim
784 2366 825 2430 ob
846 2365 905 2430 hoc
923 2364 1154 2442 emittebantur,
1178 2363 1225 2428 uti
1248 2363 1282 2427 in
1305 2364 1383 2429 omni

234 2471 346 2535 fierent
374 2469 563 2555 operatione,
597 2470 761 2553 oportebat
786 2489 841 2533 eas
868 2466 1046 2532 meminisse
1074 2488 1182 2530 eorum
1212 2489 1284 2553 quae
1314 2475 1383 2531 ante

233 2574 318 2638 facta
340 2580 424 2650 sunt,
443 2573 489 2637 uti
511 2593 550 2638 ea
567 2594 637 2659 quae
652 2572 780 2638 deerant
802 2570 1015 2657 adimplerent,
1042 2576 1075 2634 et
1098 2590 1162 2633 non
1182 2569 1266 2636 circa
1280 2570 1383 2636 eadem

232 2697 356 2759 semper
381 2675 556 2740 volutantes
580 2675 795 2753 continuatim,
825 2673 1039 2739 miserabiliter
1066 2671 1254 2738 laborarent.
1299 2673 1383 2738 ⁵Non

231 2779 316 2842 enim
330 2785 454 2864 poterat
473 2778 611 2861 corporis
630 2779 782 2843 admixtio
796 2779 829 2843 in
843 2786 946 2843 totum
961 2777 1136 2842 universam
1152 2777 1301 2861 ipsorum,
1317 2799 1382 2864 qma

230 2889 305 2947 ante
326 2881 433 2946 habita
449 2889 550 2961 erant,
569 2882 752 2970 extinguere
768 2883 947 2949 memoriam
965 2891 998 2948 et
1015 2881 1331 2966 contemplationem
1354 2889 1383 2946 et

231 2986 368 3052 maxime
395 2986 436 3052 ad
463 2988 523 3053 hoc
549 2987 719 3054 venientes.
764 2989 927 3071 Quomodo
953 2987 1036 3053 enim
1062 3008 1145 3052 nunc
1173 2987 1326 3073 “soporati
1354 2993 1384 3051 et

230 3089 442 3176 requiescente
457 3112 595 3178 corpore,
611 3113 803 3178 quoscunque
817 3092 923 3156 anima
937 3091 1005 3178 ipsa
1018 3089 1102 3175 apud
1122 3112 1157 3155 se
1177 3090 1273 3170 videt,
1300 3098 1333 3154 et
1354 3089 1383 3153 in

232 3263 328 3327 Quippe
343 3264 533 3314 invocationibus
548 3262 673 3326 Anydicia
685 3261 784 3325 opponit
882 3261 893 3293 ⁴
907 3263 998 3324 Ἐχρῆν
1016 3263 1066 3324 γὰρ
1085 3264 1125 3311 καὶ
1144 3264 1230 3312 εἰδέναι
1248 3263 1311 3322 ἡμᾶς
1328 3264 1383 3312 ὅπου

230 3343 350 3392 orationes
363 3344 399 3393 od
414 3344 550 3392 Dominam
565 3343 608 3407 gui
624 3341 782 3404 omniasecit,
832 3343 900 3404 ἦμεν,
914 3347 935 3392 εἱ
946 3346 1057 3406 προῇμεν.
1077 3343 1159 3394 (lm.
1172 3345 1222 3394 An.
1232 3345 1284 3395 Bet.
1294 3345 1338 3394 Pr.
1349 3360 1381 3406 η.

228 3430 250 3471 ct
271 3422 444 3473 invocationem
460 3424 566 3472 nominis
585 3424 689 3473 Domini
707 3423 784 3472 nostri
881 3424 1303 3489 ³Nonenim—oontcmplntionem.
1328 3427 1383 3477 This

228 3503 288 3552 Joeu
300 3504 398 3564 cinni,
412 3505 483 3553 nnlhr
497 3512 634 3554 mnrtomm
648 3505 783 3569 spirituum
832 3523 936 3571 passage
950 3508 972 3556 is
987 3508 1136 3573 apparently
1146 3515 1194 3558 out
1208 3511 1239 3558 of
1252 3511 1285 3559 its
1299 3526 1384 3575 proper

228 3583 490 3649 Deintentionesooto.
511 3585 613 3635 Gunnn.
831 3589 909 3653 place,
921 3591 972 3638 and
989 3591 1078 3639 should
1092 3591 1176 3640 follow
1187 3593 1232 3641 the
1245 3594 1382 3642 conclusion

276 3666 287 3699 ¹
304 3666 433 3730 dirigentes
443 3667 485 3728 ad,
499 3668 541 3716 the
552 3672 607 3716 trus
616 3667 719 3731 reading
725 3684 781 3716 cau·
831 3671 860 3720 of
873 3672 915 3720 the
929 3673 1038 3736 opening
1053 3673 1147 3737 period,
1166 3674 1321 3723 marcinen'nt
1333 3675 1383 3723 cni

226 3753 272 3797 not
288 3750 440 3814 possiblybc
455 3750 585 3799 otherwise
600 3750 661 3799 than
673 3748 782 3812 dirigens
830 3768 882 3803 moe.
929 3754 983 3802 'l'ba
1000 3760 1061 3803 next
1079 3754 1167 3814 words,
1186 3762 1207 3804 at
1229 3757 1334 3806 manime
1351 3755 1383 3804 od

225 3830 277 3886 ad,·
294 3832 390 3895 though
402 3835 531 3882 stomoma
545 3834 577 3882 tls
587 3833 668 3896 might
679 3832 710 3880 be
722 3831 781 3880 read
830 3834 874 3884 lios
888 3834 1010 3894 venientes,
1024 3836 1107 3899 might
1120 3836 1183 3884 then
1194 3836 1260 3886 have
1271 3838 1321 3886 this
1332 3855 1383 3886 oon·

225 3927 253 3960 as
265 3914 413 3962 εὐθυνούσας.
830 3917 933 3968 nexion:
954 3917 985 3979 If
993 3917 1030 3967 uo
1040 3917 1105 3966 mala
1119 3917 1150 3980 os
1160 3935 1216 3967 mm
1229 3917 1384 3982 reoppmrad

274 3991 285 4023 ²
302 3992 402 4042 Cultam.
422 3994 472 4042 and
483 3994 564 4043 Voss
583 3995 716 4046 aecrrndum
733 3995 780 4043 uti·
829 4005 853 4047 to
865 3998 907 4060 fia
919 4015 954 4061 ap
968 3999 1006 4048 tho
1021 4015 1129 4048 mmmm
1142 4000 1173 4062 os
1184 4000 1249 4050 ticin
1261 4001 1332 4050 denda
1343 4016 1384 4049 aa·

224 4074 304 4124 litator
329 4075 364 4124 od
390 4075 513 4135 utilitates,
539 4075 569 4123 of
592 4077 674 4125 which
702 4082 779 4126 tenus
829 4081 897 4141 done,
921 4080 974 4144 thoy
993 4088 1055 4129 nnn
1072 4080 1133 4130 inec
1150 4098 1167 4130 a
1188 4098 1294 4145 memor-y
1311 4081 1341 4146 of
1351 4080 1384 4129 aa

224 4157 320 4206 Gaaaa
347 4157 437 4221 adopts
464 4157 507 4205 tha
529 4157 591 4218 first,
623 4159 711 4210 Mass,
736 4160 780 4209 the
825 4158 940 4223 previam
964 4158 1063 4219 actions,
1082 4159 1134 4208 mas
1158 4160 1213 4223 tneo
1235 4160 1313 4224 might
1339 4159 1383 4209 dic

223 4238 323 4287 second.
828 4240 915 4304 charge
931 4240 994 4290 tlm'r
1016 4257 1162 4304 orrmraqu
1186 4249 1208 4290 ct
1231 4243 1336 4293 monime
1351 4240 1383 4290 od

272 4318 396 4368 ³Gaaun
413 4335 530 4384 proposes
547 4322 574 4368 to
592 4318 678 4368 addet
696 4320 779 4369 before
827 4323 871 4374 boo
888 4323 1010 4374 renimta.

222 4416 282 4461 vere,
297 4418 325 4450 or
336 4407 363 4450 to
375 4419 490 4467 expunge
500 4401 606 4451 eatafter
614 4409 779 4458 conserano„
878 4404 889 4436 ⁶
907 4407 1053 4455 ὑπνωθέντος
1071 4407 1111 4454 καὶ
1127 4409 1276 4466 κοιμωμένου
1286 4410 1330 4457 τοῦ
1340 4409 1381 4457 nd

113 4497 118 4508 ·
222 4479 270 4529 but
286 4482 393 4545 perhaps
409 4489 596 4533 decoronatus
609 4498 667 4547 may
678 4498 778 4546 express
827 4505 910 4547 ματος.
940 4487 1087 4548 Soporotois
1103 4489 1229 4553 requirad,
1242 4490 1339 4558 though
1352 4504 1382 4539 no

222 4561 265 4610 the
276 4563 389 4626 original.
831 4566 888 4614 MS.
903 4581 931 4613 so
943 4565 1015 4614 reads
1026 4565 1055 4615 it.
