2954 4986
234 337 300 403 198
714 350 903 402 aasnums

74 528 215 615 ffiffil
236 509 271 581 di
298 511 436 586 τούτους
464 511 605 605 ἔχοντας
628 509 689 580 τὸν
709 513 874 608 σπινθῆρα
899 510 957 592 τῆς
983 507 1064 610 ζωῆς
1086 509 1119 579 ἕν
1145 509 1269 586 αὐτοῖς.
1323 510 1471 625 Mem

94 624 200 708 '123⁸ss
236 621 304 722 γὰρ
332 624 409 714 ’γε’νη
428 627 494 694 τῶν
516 621 695 721 α’νθριύπων
721 624 786 693 ύπὸ
814 627 880 694 τῶν
904 622 1062 713 ἀγγέλων
1085 623 1288 692 πεπλάσθαι
1317 624 1471 721 idagia*

72 739 221 748 ..,....
235 737 297 808 τὸν
313 734 372 819 μὲν
392 736 536 833 πονηρόν
560 737 622 806 τὸν
641 732 675 804 dd
693 734 834 826 α’γαθύν·
862 735 917 804 καῖ
939 733 1050 816 ἐπειδὴ
1080 738 1114 806 αῖ
1139 733 1290 818 θαῖμονες
1321 746 1394 812 τοῖς

235 859 390 947 πονηροῖς
419 846 607 934 ιεἠθοῆθουν,
634 849 823 930 ἐληλυθέναι
853 847 914 919 τιῖν
943 847 1087 946 Σωτῆρα
1120 847 1176 917 ε’πῖ
1205 850 1393 918 καταλύσει

233 967 301 1033 τῶν
332 959 473 1059 φαύλων
502 958 682 1058 α’νθροῖπων
707 961 760 1031 καῖ
793 959 961 1044 δαιμόνων,
988 960 1042 1029 ε’πῖ
1075 960 1225 1058 σωτηρῖᾳ
1256 958 1292 1029 δὲ
1327 965 1394 1032 τῶν

236 1076 381 1164 ἅγαθῶν.
439 1073 514 1143 2Τθ
542 1071 576 1142 δὲ
601 1083 718 1162 γαμεῖν
738 1072 791 1143 καῖ
818 1080 934 1165 γεννᾶν
951 1072 1021 1143 ἀπὸ
1041 1078 1104 1143 τοῦ
1128 1075 1263 1143 σατανᾶ
1286 1073 1395 1171 φησῖν

236 1185 325 1256 εῖναι.
372 1186 421 1255 Οἱ
437 1187 568 1261 πλείους
582 1217 622 1255 τε
640 1190 706 1256 τῶν
724 1185 783 1255 ἀπ’
800 1187 918 1256 ἐκεῖνον
935 1185 988 1254 καῖ
1008 1183 1172 1280 ἐμψύχων
1189 1185 1392 1282 ἀπέχονται,

235 1295 288 1369 διὰ
314 1300 373 1380 τῆς
397 1303 632 1396 πρασποιῆτου
659 1297 780 1381 ταύτης
807 1297 1011 1398 ἐγκρατείας.
1064 1296 1158 1374 3Τὰς
1189 1295 1226 1367 δὲ
1255 1305 1394 1396 προφη-

233 1410 332 1493 τειάς,
362 1410 400 1486 ἃς
430 1408 489 1493 μὲν
524 1410 592 1481 α’πό
624 1415 691 1481 τῶν
721 1416 934 1494 κοσμοποιεῖν
968 1409 1126 1502 ἀγγέλων
1162 1415 1391 1495 λελαλῆσθαι,

235 1523 272 1599 ds
291 1521 326 1592 di
352 1521 502 1594 ἀπὸτοῦ
525 1526 666 1607 σατανᾶ,
687 1521 725 1593 ὃν
743 1523 797 1595 καῖ
818 1522 917 1595 αὐτὸν
937 1521 1089 1614 ἄγγελον
1108 1520 1392 1621 ἀντιπράττοντα

234 1646 305 1711 τοῖς
330 1646 499 1718 κοσμικαῖς
524 1637 691 1720 ὑπέθεντο,
721 1631 762 1741 [l.
790 1637 1010 1721 κοσμοποῖαις
1035 1629 1211 1739 ὑπέθετο]
1233 1633 1392 1719 μάλιστα

234 1746 270 1818 di
288 1746 349 1818 τύν
368 1753 434 1820 τῶν
451 1746 616 1819 Ἰουδαίων
636 1748 722 1819 θεόν
740 1744 833 1854 [qu.
852 1752 901 1838 τῷ
918 1781 951 1820 π.
970 1748 1011 1817 Ἰ.
1029 1741 1133 1850 θεῷ]
1187 1748 1315 1820 Ταῦτα
1335 1747 1393 1833 μὲν

235 1874 289 1946 οὖν
313 1879 331 1946 ὁ
357 1877 593 1974 Σατορνεῖλος.

232 2048 342 2105 autem
366 2041 433 2113 hos,
452 2038 506 2125 qui
524 2040 645 2104 habent
660 2039 831 2105 scintillam
850 2038 923 2106 vitae
941 2040 1018 2126 ejus.
1073 2036 1149 2104 Duo
1165 2038 1253 2104 enim
1270 2063 1393 2128 genera

232 2139 284 2204 hic
310 2140 429 2225 primus
455 2139 617 2204 hominum
642 2140 800 2225 plasmata
822 2162 890 2205 esse
915 2141 956 2205 ab
979 2139 1113 2226 Angelis
1137 2138 1233 2216 dixit,
1249 2141 1391 2206 alterum

233 2239 362 2325 quidem
379 2262 524 2326 nequam,
544 2239 680 2304 alterum
698 2248 807 2304 autem
824 2241 952 2308 bonum.
993 2238 1039 2304 Et
1058 2238 1209 2325 quoniam
1227 2241 1390 2306 daemones

233 2340 385 2424 pessimos
406 2339 611 2425 adjuvabant,
630 2339 749 2404 venisse
772 2339 972 2404 Salvatorem
995 2339 1037 2404 ad
1062 2337 1306 2404 dissolutionem
1324 2364 1390 2406 ma·

232 2439 336 2503 lorum
363 2438 526 2504 hominum
556 2448 589 2505 et
618 2439 806 2517 daemonum,
833 2439 875 2504 ad
907 2439 1042 2504 salutem
1075 2448 1183 2504 autem
1219 2439 1387 2505 bonorum.

234 2536 364 2603 Nubere
381 2548 489 2604 autem
507 2547 541 2603 et
557 2561 711 2624 generare
729 2561 748 2603 a
766 2538 888 2604 Satana
910 2538 1021 2604 dicunt
1038 2561 1114 2603 esse.
1159 2538 1262 2604 Multi
1278 2551 1387 2607 autem

233 2659 274 2701 ex
302 2638 349 2715 iis,
375 2638 524 2723 quisunt
547 2639 589 2703 ab
610 2661 658 2712 eo,
681 2647 715 2702 et
736 2640 778 2703 ab
802 2637 989 2704 animalibus
1010 2637 1183 2717 abstinent,
1202 2662 1263 2724 per
1278 2641 1387 2706 fictam

232 2735 412 2820 hujusmodi
430 2738 659 2803 continentiam
675 2737 863 2803 seducentes
884 2736 1009 2803 multos.
1063 2736 1259 2823 Prophetias
1279 2750 1387 2806 autem

232 2835 386 2920 quasdam
416 2836 544 2922 quidem
576 2839 617 2903 ab
645 2837 683 2901 iis
711 2838 853 2925 Angelis,
885 2837 939 2923 qui
973 2837 1127 2901 mundum
1159 2837 1386 2905 fabiicaven'nt

232 2934 355 3010 dictas;
383 2936 535 3022 quasdam
559 2945 709 3003 autema
736 2936 875 3003 Satana:
908 2960 1002 3023 quem
1028 2946 1062 3001 et
1091 2936 1195 3021 ipsum
1222 2939 1386 3027 Angelum

231 3034 445 3101 adversarium
479 3037 589 3102 muudi
622 3037 868 3102 fabricatoribus
905 3036 1056 3113 ostendit,
1094 3036 1235 3103 maxime
1278 3047 1386 3105 antem

231 3132 255 3198 J
256 3136 420 3201 udaeorum
439 3135 520 3203 Deo.

688 3284 792 3352 CAP.
820 3284 924 3351 XIX.

468 3413 556 3504 Qec
580 3427 628 3488 est
654 3412 838 3488 Basilidis
862 3411 1137 3512 crocmcatatio.

307 3549 335 3611 1.
363 3549 529 3614 Bssnmss
551 3557 725 3623 autemut
746 3551 842 3615 altius
863 3551 983 3636 aliquid
1005 3558 1039 3616 et
1061 3551 1263 3620 verisimilius
1282 3555 1384 3622 ⁴inve·

227 3647 310 3712 nisse
327 3648 482 3726 videatur‚
500 3649 550 3714 ⁵in
567 3649 755 3715 immensum
771 3651 918 3716 extendit
931 3650 1123 3716 sententiam
1137 3653 1295 3720 doctrinae
1308 3678 1382 3736 suae,

275 3802 283 3834 ¹
302 3806 415 3866 ἐβοήθουν
426 3807 541 3856 confirma
553 3808 669 3857 Gnann’s
677 3809 780 3873 reading
877 3806 1071 3868 *Adincmiam
1091 3807 1211 3858 (ἔωθε
1227 3811 1340 3876 reading,
1364 3814 1384 3861 is

225 3884 381 3946 adiuvabant.
422 3888 475 3937 The
500 3891 601 3940 Onasus.
625 3892 675 3940 and
696 3892 776 3940 Voss.
828 3891 897 3954 quite
922 3905 969 3938 one
993 3890 1021 3938 os
1041 3891 1084 3938 the
1108 3890 1266 3940 translator's
1290 3894 1384 3953 words5

224 3964 303 4016 MSS.
317 3967 516 4030 havecdjuvant.
827 3970 879 4019 still
895 3971 938 4019 the
953 3971 1008 4019 first
1024 3971 1127 4035 syllable
1148 3973 1170 4021 is
1193 3979 1239 4022 not
1261 3975 1342 4024 found
1360 3977 1384 4024 in

272 4045 285 4077 ²
300 4047 353 4096 The
362 4048 467 4096 Gnostic
475 4050 563 4097 notion
575 4051 604 4098 of
611 4051 653 4099 the
664 4052 779 4101 inherent
827 4052 871 4100 the
887 4052 987 4101 Chunus.
1001 4068 1029 4100 or
1041 4053 1121 4104 Voss.
1136 4053 1224 4114 Mss„
1240 4057 1262 4105 it
1273 4058 1294 4107 is
1305 4059 1384 4107 there·

223 4126 355 4191 malignity
364 4128 392 4175 of
400 4133 492 4176 matter
502 4129 628 4178 ledtothe
636 4131 778 4198 forbidding
827 4132 879 4181 fore
897 4134 1030 4184 rescinded.
1066 4135 1099 4184 So
1115 4137 1168 4185 also
1183 4138 1325 4201 Massurr,
1340 4141 1385 4188 bnt

223 4208 253 4256 ol
266 4210 395 4272 marriage.
431 4209 508 4273 Upon
526 4211 607 4259 which
624 4213 720 4273 subject
735 4216 778 4264 the
827 4215 933 4264 without
950 4215 1087 4280 mdicating
1104 4218 1143 4267 his
1160 4221 1301 4286 authority.
1335 4222 1386 4271 For

221 4290 307 4338 reader
329 4307 387 4354 may
404 4290 502 4339 consult
522 4291 603 4340 (insu.
622 4293 672 4343 An.
689 4295 775 4345 Βίτωνι.
826 4313 859 4346 an
876 4303 983 4348 account
1000 4300 1029 4348 of
1047 4299 1168 4350 Basilides
1187 4319 1229 4352 sse
1244 4305 1289 4354 the
1303 4306 1384 4356 Prole·

221 4382 274 4432 111.,
288 4372 459 4420 Tessuinus
470 4388 489 4421 c.
503 4372 582 4422 Marc.
596 4386 614 4423 1.
627 4387 652 4424 v.
823 4394 934 4441 ηουιεηα.

270 4452 458 4501 ⁸'l'nnonomm
484 4456 559 4518 again
582 4461 669 4519 quotes
691 4473 707 4506 a
729 4459 776 4508 lew
874 4461 929 4510 'in
944 4462 1386 4535 immam,aspr0fessingtogivo

220 4534 302 4582 words
313 4536 342 4584 ol
350 4537 393 4585 tha
403 4541 458 4586 text
469 4536 498 4586 of
511 4536 644 4589 mausus.
824 4541 868 4591 the
887 4558 973 4593 names
988 4545 1017 4594 cf
1029 4546 1072 4595 tbe
1088 4548 1174 4611 sngels
1188 4550 1217 4599 in
1230 4551 1292 4601 sach
1307 4553 1337 4602 ol
1346 4553 1386 4603 his
