2954 4986
242 313 308 377 284
525 325 625 378 nats
650 325 727 381 xox
753 326 1116 378 cinctuscmnmcn.

78 494 172 580 11121121·
186 504 229 534 m
244 480 339 567 igitur
353 503 415 546 uon
430 481 617 569 ignorabunt
633 481 772 556 Patrem,
787 502 860 544 cum
875 481 957 544 iutra
969 502 1041 544 cum
1054 481 1142 553 sint;
1159 500 1221 543 nec
1231 478 1397 543 secundun

83 588 222 673 Ἥζςᾞξ
243 587 475 652 descensionem
497 587 698 651 emissionum
717 586 820 648 minus
840 585 952 668 aliquis
973 592 1141 671 wgnosoet
1164 606 1252 659 eum,
1267 582 1398 666 rmdique

79 683 230 766 ,Ψ-
243 712 353 754 omnes
369 712 391 753 a
407 690 503 754 Patre
524 688 686 773 acqualiter
706 688 911 752 circumdati:
930 687 986 752 sed
1007 698 1041 751 et
1062 686 1275 773 impassibiles
1295 706 1399 750 omues

243 794 385 857 similiter
410 793 661 878 perseverabunt,
687 813 759 855 cum
785 791 850 853 sint
877 789 912 853 in
939 791 1078 875 paternis
1099 788 1286 863 visceribus,
1309 796 1342 851 et
1369 786 1399 849 in

243 896 488 960 deminoratione
511 916 604 958 nemo
632 895 769 978 ipsorum
795 893 865 957 erit.
911 892 983 957 Non
1008 894 1093 957 euim
1118 902 1170 956 est
1196 890 1399 956 deminoratio

244 999 352 1075 l'ater,
367 997 425 1061 nisi
441 998 531 1073 sorte,
547 997 631 1061 velut
649 997 680 1059 iu
694 995 808 1061 circulo
823 1018 938 1083 magno
952 997 1052 1060 minor
1062 996 1244 1060 continetur
1258 993 1397 1069 circulus,

242 1109 275 1164 et
291 1103 372 1164 intra
391 1101 474 1165 hunc
489 1122 596 1164 rursus
615 1099 695 1162 alter
713 1098 833 1172 min0r;
858 1109 914 1163 aut
928 1099 1012 1164 velut
1034 1099 1168 1184 sphaerae
1186 1097 1397 1173 similitudine,

242 1216 298 1272 aut
319 1205 484 1292 tetragoni,
504 1205 633 1268 Patrem
654 1204 760 1267 dicant
779 1203 861 1266 intra
876 1225 912 1268 se
934 1203 1068 1287 undique
1085 1203 1250 1268 continere
1271 1201 1399 1287 sphaera

242 1308 488 1385 similitudinem,
504 1306 553 1371 vel
572 1307 756 1392 quadratam
774 1306 923 1390 reliquam
938 1306 1083 1371 AEonum
1097 1305 1312 1381 emissionem,
1327 1326 1398 1367 uno

242 1432 365 1494 quoque
390 1409 510 1474 illorum
535 1408 727 1474 circumdato
749 1411 791 1473 ab
811 1431 849 1474 eo
870 1410 922 1494 qui
944 1419 1105 1495 estsuper
1125 1431 1200 1472 eum
1221 1410 1344 1494 major3
1369 1415 1399 1471 et

242 1512 453 1581 circumdante
468 1535 550 1589 eum,
566 1512 618 1597 qui
633 1521 705 1598 post
725 1534 760 1576 se
773 1522 833 1590 est,
845 1513 1016 1587 minorem
1032 1520 1064 1576 et
1084 1519 1214 1596 propter
1227 1511 1290 1575 boc
1305 1511 1398 1575 mino

242 1639 310 1681 rem
322 1627 355 1681 et
369 1616 511 1681 ultimum
525 1618 664 1682 omnium
680 1617 711 1680 iu
726 1617 829 1681 medio
840 1617 1056 1692 constitutum,
1070 1627 1104 1678 et
1117 1615 1253 1679 multum
1269 1637 1291 1678 a
1307 1615 1399 1678 Patre

241 1728 431 1806 separatum,
459 1721 619 1807 ignorasse
646 1721 861 1805 Propatorem.
900 1720 935 1784 Si
963 1729 1070 1783 autem
1094 1718 1163 1782 haec
1193 1718 1343 1793 dixerint,
1368 1718 1398 1780 in

241 1823 342 1909 ligura
355 1833 388 1887 et
402 1823 686 1908 circumscriptione
701 1823 887 1888 concludent
902 1823 1041 1909 Bythum
1056 1823 1204 1908 ipsorum,
1219 1831 1253 1886 et
1270 1823 1399 1887 circum·

241 1924 378 2001 dantem,
396 1934 430 1990 et
449 1925 695 1989 circumdatum:
712 1936 865 2011 cogentur
885 1925 969 1989 enim
988 1934 1022 1989 et
1042 1934 1134 1989 extra
1152 1923 1240 1987 illum
1258 1923 1398 1988 confiteri

241 2048 310 2091 esse
331 2026 457 2111 aliquid,
474 2027 556 2111 quod
571 2027 742 2090 circumdet
755 2049 838 2091 eunt.
885 2026 930 2090 Et
945 2026 1144 2090 nihilomiuus
1158 2026 1190 2088 in
1211 2026 1398 2089 immensum

241 2129 281 2193 de
305 2129 355 2193 his
379 2131 431 2214 ‹pui
455 2130 616 2194 continent
639 2139 671 2194 et
695 2131 893 2195 continentur
918 2131 1034 2194 incidet
1058 2153 1179 2196 senno:
1209 2140 1244 2195 et
1270 2154 1426 2217 corpora.

241 2231 361 2297 inclusa
374 2255 444 2298 esse
459 2246 587 2297 ¹omnes
600 2233 764 2297 manifeste
779 2235 981 2319 apparebunt.

304 2340 335 2402 3.
382 2337 498 2401 Adhuc
525 2337 619 2401 etiam
644 2344 700 2399 aut
725 2358 856 2401 vacuum
878 2359 948 2402 esse
973 2359 1045 2401 eum
1072 2338 1316 2415 confitebuntur,
1344 2346 1400 2403 aut

240 2443 350 2504 lomne
365 2441 447 2526 quod
459 2450 508 2505 est
523 2441 605 2505 intra
616 2463 700 2516 eum;
716 2462 825 2505 omnes
836 2441 977 2505 similiter
991 2441 1220 2527 participabunt
1235 2443 1276 2505 de
1292 2443 1398 2507 Patre.

241 2543 510 2624 Quemadmodum
536 2545 569 2607 in
583 2565 666 2628 aqua
685 2544 817 2609 circulos
837 2544 865 2608 si
889 2544 958 2629 quis
975 2545 1080 2621 saciat,
1105 2545 1154 2609 vel
1177 2546 1331 2610 rotundas
1351 2544 1398 2610 vel
1410 2565 1467 2604 aaa

240 2645 408 2728 quadratas
434 2647 559 2732 figuras,
582 2648 688 2712 omnia
712 2647 781 2712 haec
807 2646 949 2712 similiter
972 2648 1203 2733 participabunt
1232 2649 1272 2713 de
1295 2671 1394 2734 aqua:

240 2747 500 2830 quemadmodum
514 2758 547 2813 et
562 2770 632 2834 quae
648 2749 680 2812 in
698 2757 771 2814 aere
785 2750 983 2828 fabricantur,
1000 2772 1125 2815 necesse
1143 2759 1193 2815 est
1210 2752 1397 2836 participare

240 2848 280 2914 de
293 2857 385 2924 αὔης
401 2859 434 2915 et
454 2873 524 2936 quae
543 2852 575 2914 in
589 2851 715 2928 lumine,
730 2853 788 2917 ²de
802 2853 936 2918 lumine:
952 2853 1045 2918 sicet
1060 2854 1112 2939 qui
1127 2841 1201 2919 suut
1215 2856 1300 2919 intra
1314 2878 1396 2932 eum,

240 2973 349 3018 omnes
362 2953 504 3019 similiter
515 2954 745 3041 participabunt
759 2956 799 3019 de
815 2955 922 3033 Patre,
938 2955 1114 3042 ignorantia
1127 2957 1211 3042 apud
1223 2980 1279 3022 eos
1293 2959 1397 3024 locum

239 3077 303 3121 non
328 3057 473 3123 habente.
519 3058 585 3123 Ubi
615 3059 698 3122 enim
727 3058 924 3144 participatio
951 3058 1060 3122 Patris
1083 3059 1305 3145 adimplentis!
1360 3063 1394 3127 Si

239 3167 346 3225 autem
371 3161 558 3248 adimplevit,
579 3162 641 3227 illic
666 3170 700 3226 et
725 3162 901 3249 ignorantia
923 3163 1079 3229 nouerit.
1129 3163 1275 3228 Solvetur
1302 3167 1397 3252 igitur

240 3263 377 3348 ipsorum
401 3265 655 3330 deminorationis
682 3287 785 3352 opera,
813 3273 847 3330 et
877 3266 1017 3330 materiae
1045 3265 1181 3342 emissio,
1213 3276 1248 3332 et
1276 3268 1396 3354 reliqua

238 3365 345 3427 mundi
367 3366 539 3439 fabricatio,
564 3390 634 3451 quae
655 3389 696 3431 ex
713 3368 857 3453 passione
872 3373 905 3432 et
928 3367 1104 3453 ignorantia
1123 3368 1230 3433 volunt
1249 3371 1395 3434 substan·

237 3464 315 3528 tiam
331 3466 486 3532 habuisse.
520 3468 553 3532 Si
568 3479 673 3533 autem
685 3493 816 3535 vacuum
827 3469 913 3534 illum
928 3471 1168 3549 confitebuntur,
1179 3472 1212 3535 in
1223 3473 1395 3537 maximam

238 3565 410 3632 incidentes
434 3568 668 3655 blasphemiam,
693 3572 891 3658 denegabunt
914 3571 946 3635 id
976 3573 1058 3656 quod
1081 3582 1130 3638 est
1150 3575 1289 3660 spiritale
1315 3578 1393 3662 ejus.

239 3668 507 3750 Quemadmodum
523 3673 607 3737 enim
616 3678 682 3739 ³est
696 3674 844 3760 spiritalis
857 3673 895 3753 is,
911 3673 963 3759 qui
979 3696 1019 3738 ne
1033 3675 1158 3761 quidem
1172 3698 1211 3742 ea
1225 3701 1296 3762 quae
1311 3679 1396 3743 intra

238 3790 308 3834 eum
324 3782 408 3850 sunt,
423 3775 592 3862 adimplere
603 3781 725 3863 potest!

304 3878 332 3938 4.
381 3875 463 3941 Haec
477 3888 592 3958 autem,
609 3904 679 3964 quae
695 3881 868 3946 dictasunt
882 3881 922 3946 de
938 3904 1050 3947 sensus
1064 3884 1240 3960 emissione,
1252 3884 1395 3949 similiter

236 3981 269 4039 et
283 3976 430 4042 adversus
444 4000 508 4055 eos,
525 3981 576 4064 qui
592 4003 612 4046 a
628 3982 763 4046 Basilide
778 3991 863 4058 sunt,
876 3991 986 4069 aptata
1000 3994 1087 4049 sunt:
1113 3994 1147 4050 et
1160 3986 1309 4051 adversus
1324 3988 1395 4052 reli·

236 4101 314 4165 quos
331 4080 507 4160 Gnosticos,
523 4106 543 4148 a
558 4085 669 4169 quibus
684 4095 716 4150 et
731 4085 762 4149 hi
778 4086 882 4151 ⁴initia
897 4087 1097 4153 emissionum
1107 4090 1307 4175 accipientes,
1320 4113 1395 4157 con·

283 4309 293 4340 ¹
312 4311 366 4369 ῆτὸ
379 4314 426 4360 πᾶν
439 4315 486 4361 ἔσω
498 4315 577 4362 αὐτοῦ.
838 4316 933 4378 ἀνάγκη
944 4316 996 4366 ἐστὶ
1007 4319 1118 4379 μετέχειν
1133 4319 1178 4366 τοῦ
1189 4320 1264 4380 ἀέρος,
1279 4322 1319 4369 rai
1337 4318 1354 4370 d
1370 4325 1394 4371 ἐν

282 4390 362 4440 ’The
381 4392 552 4443 eurialus.
571 4395 660 4443 inserta
677 4404 717 4457 eat,
737 4398 787 4446 und
837 4399 902 4458 φῶτί
913 4400 972 4458 ἐστι,
987 4401 1073 4461 poros.

234 4474 254 4521 it
276 4475 297 4521 ia
313 4480 359 4522 not
381 4490 412 4521 nn
436 4475 587 4538 improbable
610 4478 719 4541 reading,
743 4480 786 4528 the
883 4478 964 4528 ³The
981 4482 1079 4530 caena.
1099 4480 1157 4532 MS.
1176 4482 1222 4533 bas
1240 4486 1391 4548 praenudatae

232 4551 314 4602 llroclr
328 4551 408 4619 being,
422 4554 455 4604 τὰ
472 4554 543 4617 ἐντῷ
559 4554 611 4618 ἀέρι
627 4559 787 4616 πεποιημένα,
838 4556 898 4606 dum
908 4560 973 4608 mira
983 4562 1108 4623 apia-Mic.
1143 4562 1225 4615 Voss.
1237 4566 1359 4628 spiritale.
