2954 4986
204 356 270 419 246
559 368 803 423 ARGUMENTA
821 325 993 423 CAPITUM

275 504 324 533 CAI'.
1318 501 1365 531 na.

253 572 335 625 XIII.
393 571 529 638 Quoniam
544 572 701 642 impossibile
715 581 751 626 est
762 582 903 643 separatas
914 589 964 626 esse
982 574 1016 626 ab
1031 572 1145 627 inuicem
1160 588 1207 627 eas
1218 589 1282 642 qua

435 658 516 729 infra
538 659 732 729 plenitudinem
758 658 888 712 dicuntur
913 660 1128 731 eonjupationes:
1156 659 1283 711 adunitis

439 755 527 800 autem
542 746 583 810 iis,
595 745 752 815 impossibile
765 755 802 799 ast
813 745 943 816 Sopbiam
957 746 1014 800 sine
1031 748 1143 819 eonjuae
1153 763 1281 815 assump-

438 834 498 886 sisse
512 832 604 893 labem,
620 842 669 886 aut
682 832 763 886 etiam
776 850 911 903 obturasse
925 833 1032 903 aliquid
1072 870 1080 885 .
1172 870 1181 885 .
1273 870 1281 884 .
1315 834 1367 886 276

257 960 336 1014 XIV.
395 961 532 1027 Quoniam
543 960 573 1013 in
584 961 672 1015 eodem
679 960 833 1014 Pleromate
844 970 1011 1031 nonpoterat
1024 961 1144 1015 Verbum
1156 970 1181 1015 st
1191 960 1281 1015 Silen-

439 1048 572 1101 tiumesse
674 1086 681 1100 .
772 1089 778 1100 .
869 1086 877 1100 .
967 1086 973 1097 .
1065 1089 1072 1101 .
1167 1088 1174 1100 .
1271 1048 1367 1101 ‚nto

266 1172 331 1226 XV.
396 1174 534 1241 Quomodo
553 1174 656 1228 nullius
674 1175 799 1228 momenti
816 1174 962 1228 ostenditur
978 1174 1088 1245 primus
1109 1174 1178 1227 ordo
1199 1173 1281 1228 ani&

438 1261 519 1316 riorus
532 1261 653 1331 ipsorum
676 1298 1278 1315 .......
1317 1263 1369 1311 280

256 1387 335 1443 XVI.
396 1390 532 1457 Quoniam
553 1408 642 1445 sensus
661 1408 715 1443 non
732 1390 858 1460 potuisset
879 1390 963 1444 emitti
981 1390 1048 1460 quia
1066 1390 1123 1460 ipse
1145 1388 1282 1443 ambubat

439 1477 558 1548 reliqua:
573 1487 597 1532 st
611 1478 678 1548 quid
691 1486 727 1531 eet
741 1476 842 1531 trenusio
880 1511 1280 1530 .....
1316 1477 1369 1527 283

250 1602 345 1660 XVII.
397 1605 532 1672 Quoniam
554 1606 604 1668 lim,
622 1623 682 1675 quta
700 1605 783 1658 abiis
801 1604 930 1658 dicuntur
949 1605 1102 1666 mansiones,
1126 1603 1282 1657 bominibus

438 1701 590 1763 sartoruunt
603 1692 691 1762 inopis
705 1710 788 1762 quam
803 1690 862 1745 Deo
970 1732 977 1744 .
1069 1732 1075 1745 .
1167 1731 1174 1744 .
1270 1732 1278 1744 .
1316 1692 1370 1743 28⁶

237 1818 349 1873 XVIII.
393 1821 531 1887 Quomodo
545 1830 568 1875 et
583 1821 644 1875 bissa
657 1821 755 1875 ellinici
768 1821 937 1876 verisimilium
955 1821 986 1875 de
997 1821 1184 1875 univereomem
1199 1838 1279 1891 pente·

438 1909 542 1962 ratione
560 1908 752 1979 responderunt
773 1917 797 1961 et
814 1908 935 1979 arati-uss
957 1917 981 1961 et
1000 1908 1131 1978 quomodo
1153 1908 1189 1959 ab
1211 1907 1281 1977 ipsis

439 1996 486 2065 qni
507 2004 569 2048 eunt
588 2012 607 2047 a
625 1994 767 2048 Valentino
786 1995 865 2048 initia
887 2003 1064 2066 sumpserunt,
1086 1996 1192 2066 effusam
1213 2002 1281 2048 susa

438 2082 752 2151 seeundumeosrequloe
783 2121 788 2133 .
879 2118 886 2134 .
975 2120 982 2134 .
1070 2119 1076 2132 .
1168 2118 1174 2129 .
1270 2119 1278 2132 .
1316 2083 1368 2134 287

254 2205 335 2260 XIX.
396 2208 514 2275 Quastio
528 2211 560 2263 de
571 2211 645 2263 omni
658 2210 739 2281 specie
753 2209 906 2273 mundonis,
920 2218 944 2264 et
958 2209 989 2263 de
1003 2208 1168 2262 Pleromatis
1182 2209 1279 2262 incon-

438 2296 572 2367 sequentia
677 2334 1276 2349 .......
1315 2300 1368 2350 303

261 2421 328 2476 XX.
394 2424 530 2490 Quoniam
544 2425 568 2478 si
582 2425 640 2494 queis
653 2424 912 2496 transmotnssuerit
927 2442 945 2477 a
960 2422 1118 2493 Demiurpo,
1132 2423 1162 2475 in
1176 2424 1278 2476 multos

437 2511 508 2565 Deos
522 2520 546 2564 et
560 2510 803 2582 infinitosmundos
817 2509 933 2563 sucidae
946 2527 1005 2563 essm
1020 2526 1116 2563 noemae
1130 2518 1166 2562 est
1269 2547 1276 2562 .
1315 2515 1368 2564 301

254 2636 338 2689 XXI.
397 2636 534 2703 Quoniam
549 2656 608 2708 qna
630 2638 704 2690 nobie
718 2637 765 2707 qui
783 2654 875 2690 sumus
896 2638 930 2690 ab
945 2635 1074 2698 Ecclesia,
1095 2635 1233 2706 imputant
1255 2636 1280 2689 ii

437 2725 484 2792 qui
497 2733 560 2777 sunt
575 2742 593 2776 a
613 2724 763 2788 Valentino,
777 2724 832 2777 illis
846 2741 943 2777 rursus
956 2722 1093 2793 imputant
1108 2722 1136 2775 bi
1150 2722 1278 2792 quisunt

437 2828 455 2861 a
470 2810 599 2873 Basilide‚
615 2819 639 2863 et
653 2810 708 2862 illis
722 2811 784 2863 item
799 2810 850 2862 alii
873 2850 879 2862 .
970 2848 977 2861 .
1066 2849 1072 2860 .
1166 2848 1171 2861 .
1267 2849 1273 2860 .
1313 2814 1366 2863 306

246 2928 343 2983 XXII.
395 2929 514 2985 Ostensio
529 2932 657 3002 quon-iam
670 2931 758 3001 Lopos
773 2932 803 2984 in
817 2931 992 2984 diminutione
1006 2946 1061 2982 non
1077 2939 1113 2983 est
1128 2929 1275 2999 prolatus:

437 3028 461 3073 et
485 3018 623 3086 Quomodo
646 3019 791 3072 sumendum
814 3017 947 3071 boeretioos
968 3016 1092 3070 voluntas
1113 3016 1212 3071 Patris
1230 3017 1275 3070 in·

439 3108 543 3160 venitur
550 3106 645 3180 secisse
660 3104 844 3176 ipnorantt’asn
858 3111 883 3158 el
898 3104 983 3157 labem
1066 3143 1072 3154 .
1165 3144 1171 3155 .
1265 3146 1272 3157 .
1311 3109 1365 3159 308

244 3231 355 3288 XXIII.
396 3234 531 3300 Quoniam
554 3233 656 3303 Sophia
674 3248 815 3302 numquam
834 3231 863 3283 in
885 3230 1041 3301 ianorants'a
1060 3238 1084 3282 et
1102 3228 1133 3281 in
1153 3228 1274 3282 demino-

440 3320 544 3372 ratione
555 3328 591 3372 est
679 3354 1272 3371 .......
1311 3322 1364 3371 312

241 3445 351 3498 XXIV.
395 3445 512 3500 Ostensio
528 3448 657 3515 quomodo
672 3463 753 3515 napus
769 3447 938 3517 Enthymesis
957 3446 1013 3499 sirio
1025 3444 1115 3496 AEone
1126 3443 1275 3514 propriam

436 3532 557 3585 habuerit
571 3533 755 3596 substantiam,
769 3550 850 3603 nequa
861 3532 952 3603 passio
963 3531 1018 3585 sine
1033 3530 1191 3600 Entbpmess'
1205 3540 1243 3584 est
1265 3568 1272 3582 .
1310 3536 1363 3586 313

250 3659 345 3714 XXV.
395 3660 531 3728 Quoniam
551 3678 632 3732 aeques
653 3661 767 3726 dissolui,
791 3678 872 3731 nuptie
889 3660 952 3731 pati
973 3660 1050 3713 AEon
1068 3666 1185 3729 poterat,
1211 3675 1274 3712 sum

436 3757 497 3802 esset
511 3748 650 3818 spiritalis,
665 3758 688 3802 et
703 3749 731 3801 in
748 3748 787 3801 lois
802 3766 861 3818 quta
875 3746 976 3801 similia
990 3754 1068 3799 erant
1083 3762 1242 3798 conversans
1263 3781 1271 3795 .
1310 3750 1363 3800 314

240 3875 349 3929 XXVI.
395 3876 531 3942 Quoniam
553 3877 649 3931 Patris
675 3876 811 3947 exquisitio
837 3885 860 3930 et
886 3872 1050 3943 inusstipatio
1075 3872 1275 3942 mapseitudins's

435 3963 498 4032 pus,
507 3979 587 4033 neusse
592 3963 742 4033 passionem
752 3980 832 4033 nequo
840 3962 932 4025 labem,
943 3961 988 4014 sed
993 3967 1093 4013 statum
1101 3959 1275 4031 perfeetionis

429 4048 551 4119 saciabat
567 4050 596 4101 in
610 4050 700 4103 AEone
773 4085 1269 4102 ......
1310 4051 1363 4100 315

231 4176 356 4231 XXVII.
392 4175 529 4242 Qteostiam
550 4193 605 4228 noa
627 4178 700 4246 capit
722 4178 839 4231 AEonem
860 4177 938 4249 iufra
960 4174 1088 4227 Pleroma
1110 4173 1273 4227 dmidmium

433 4262 566 4333 passionis
577 4262 721 4332 percepisse
771 4305 777 4316 .
868 4304 873 4316 .
967 4303 972 4314 .
1063 4301 1069 4311 .
1162 4301 1167 4311 .
1263 4301 1270 4314 .
1311 4266 1363 4315 316

223 4380 363 4435 XXVIII.
393 4381 529 4449 Quomodo
553 4381 584 4434 de
605 4381 700 4434 seuniae
723 4382 842 4450 ipsorum
863 4398 947 4436 sermo
974 4379 1111 4432 universus
1136 4377 1273 4433 instabilis

439 4467 602 4523 ostmditnr:
626 4476 649 4520 et
671 4469 799 4537 quostiam
820 4484 875 4522 non
896 4466 1030 4537 ipnoram't
1052 4463 1219 4533 Demiuryus
1242 4466 1273 4517 in

437 4574 497 4612 est-m
512 4555 617 4611 notuistis
632 4555 815 4626 depositionem
876 4594 883 4607 .
972 4593 979 4605 .
1067 4591 1073 4600 .
1167 4587 1174 4601 .
1267 4590 1274 4602 .
1329 4552 1365 4605 ib.
