<?xml version="1.0" encoding="UTF-8"?>
<!DOCTYPE html PUBLIC "-//W3C//DTD XHTML 1.0 Transitional//EN"
    "http://www.w3.org/TR/xhtml1/DTD/xhtml1-transitional.dtd">
<html xmlns="http://www.w3.org/1999/xhtml" xml:lang="en" lang="en">
 <head>
  <title>
</title>
<meta http-equiv="Content-Type" content="text/html;charset=utf-8" />
  <meta name='ocr-system' content='tesseract 3.04.00' />
  <meta name='ocr-capabilities' content='ocr_page ocr_carea ocr_par ocr_line ocrx_word'/>
</head>
<body>
  <div class='ocr_page' id='page_1' title='image "./sanctiirenaeiep01harvgoog_0406.png"; bbox 0 0 2954 4986; ppageno 0'>
   <div class='ocr_carea' id='block_1_1' title="bbox 235 325 867 394">
    <p class='ocr_par' dir='ltr' id='par_1_1' title="bbox 235 325 867 394">
     <span class='ocr_line' id='line_1_1' title="bbox 235 325 867 394; baseline 0.005 -4"><span class='ocrx_word' id='word_1_1' title='bbox 235 325 299 391; x_wconf 88' lang='lat'>186</span> <span class='ocrx_word' id='word_1_2' title='bbox 753 340 867 394; x_wconf 80' lang='lat' dir='ltr'>amns</span> 
     </span>
    </p>
   </div>
   <div class='ocr_carea' id='block_1_2' title="bbox 68 496 1392 604">
    <p class='ocr_par' dir='ltr' id='par_1_2' title="bbox 68 496 1392 604">
     <span class='ocr_line' id='line_1_2' title="bbox 68 496 1392 604; baseline 0.005 -35"><span class='ocrx_word' id='word_1_3' title='bbox 68 518 218 604; x_wconf 42' lang='lat' dir='ltr'>{iffi-1132&amp;</span> <span class='ocrx_word' id='word_1_4' title='bbox 234 498 268 572; x_wconf 75' lang='lat' dir='ltr'>di</span> <span class='ocrx_word' id='word_1_5' title='bbox 291 506 399 574; x_wconf 76' lang='grc' dir='ltr'>ταῦτα</span> <span class='ocrx_word' id='word_1_6' title='bbox 421 496 534 572; x_wconf 86' lang='grc' dir='ltr'>πάντα</span> <span class='ocrx_word' id='word_1_7' title='bbox 558 497 853 600; x_wconf 86' lang='grc' dir='ltr'>παραιτησάμενοι,</span> <span class='ocrx_word' id='word_1_8' title='bbox 881 497 1063 600; x_wconf 81' lang='grc' dir='ltr'>φάσκουσι,</span> <span class='ocrx_word' id='word_1_9' title='bbox 1091 500 1137 583; x_wconf 77' lang='grc' dir='ltr'>μή</span> <span class='ocrx_word' id='word_1_10' title='bbox 1167 496 1241 571; x_wconf 64' lang='grc' dir='ltr'>θεῖνι</span> <span class='ocrx_word' id='word_1_11' title='bbox 1261 498 1305 572; x_wconf 81' lang='grc' dir='ltr'>τὸ</span> <span class='ocrx_word' id='word_1_12' title='bbox 1334 507 1392 582; x_wconf 68' lang='grc' dir='ltr'>τῆς</span> 
     </span>
    </p>
   </div>
   <div class='ocr_carea' id='block_1_3' title="bbox 68 609 1390 713">
    <p class='ocr_par' dir='ltr' id='par_1_3' title="bbox 68 609 1390 713">
     <span class='ocr_line' id='line_1_3' title="bbox 68 609 1390 713; baseline -0.002 -29"><span class='ocrx_word' id='word_1_13' title='bbox 68 611 381 713; x_wconf 38' lang='grc' dir='ltr'>11’θεῆωἀρρήτου</span> <span class='ocrx_word' id='word_1_14' title='bbox 413 614 468 684; x_wconf 78' lang='grc' dir='ltr'>καὶ</span> <span class='ocrx_word' id='word_1_15' title='bbox 501 609 650 712; x_wconf 77' lang='grc' dir='ltr'>ἀοράτου</span> <span class='ocrx_word' id='word_1_16' title='bbox 685 610 843 697; x_wconf 74' lang='grc' dir='ltr'>δυνάμεως</span> <span class='ocrx_word' id='word_1_17' title='bbox 878 618 1061 712; x_wconf 87' lang='grc' dir='ltr'>μυστήριον</span> <span class='ocrx_word' id='word_1_18' title='bbox 1097 610 1137 683; x_wconf 77' lang='lat' dir='ltr'>de&#39;</span> <span class='ocrx_word' id='word_1_19' title='bbox 1170 615 1302 712; x_wconf 83' lang='grc' dir='ltr'>ὁρατῶν</span> <span class='ocrx_word' id='word_1_20' title='bbox 1338 613 1390 683; x_wconf 78' lang='grc' dir='ltr'>καὶ</span> 
     </span>
    </p>
   </div>
   <div class='ocr_carea' id='block_1_4' title="bbox 69 723 1396 1731">
    <p class='ocr_par' dir='ltr' id='par_1_4' title="bbox 69 723 1396 1731">
     <span class='ocr_line' id='line_1_4' title="bbox 69 723 1391 826; baseline -0.002 -28"><span class='ocrx_word' id='word_1_21' title='bbox 69 733 220 746; x_wconf 63' lang='lat'>‘’-</span> <span class='ocrx_word' id='word_1_22' title='bbox 234 731 399 826; x_wconf 77' lang='grc' dir='ltr'>φθαρτῶν</span> <span class='ocrx_word' id='word_1_23' title='bbox 430 727 657 797; x_wconf 81' lang='grc' dir='ltr'>ἐπιτελεῖσθαι</span> <span class='ocrx_word' id='word_1_24' title='bbox 689 723 893 810; x_wconf 76' lang='grc' dir='ltr'>κτισμάτων,</span> <span class='ocrx_word' id='word_1_25' title='bbox 928 727 982 796; x_wconf 75' lang='grc' dir='ltr'>καὶ</span> <span class='ocrx_word' id='word_1_26' title='bbox 1012 730 1079 799; x_wconf 79' lang='grc' dir='ltr'>τῶν</span> <span class='ocrx_word' id='word_1_27' title='bbox 1108 725 1310 808; x_wconf 84' lang='grc' dir='ltr'>ἆνεννοήτων</span> <span class='ocrx_word' id='word_1_28' title='bbox 1338 727 1391 796; x_wconf 77' lang='grc' dir='ltr'>καὶ</span> 
     </span>
     <span class='ocr_line' id='line_1_5' title="bbox 234 835 1392 922; baseline -0.003 -13"><span class='ocrx_word' id='word_1_29' title='bbox 234 835 421 922; x_wconf 84' lang='grc' dir='ltr'>ἇσωμάτων</span> <span class='ocrx_word' id='word_1_30' title='bbox 449 837 487 908; x_wconf 78' lang='lat' dir='ltr'>dt’</span> <span class='ocrx_word' id='word_1_31' title='bbox 513 841 689 922; x_wconf 74' lang='grc' dir='ltr'>αἰσθητῶν,</span> <span class='ocrx_word' id='word_1_32' title='bbox 722 837 776 908; x_wconf 76' lang='grc' dir='ltr'>καὶ</span> <span class='ocrx_word' id='word_1_33' title='bbox 808 843 1012 921; x_wconf 76' lang='grc' dir='ltr'>σωματικῶν.</span> <span class='ocrx_word' id='word_1_34' title='bbox 1063 836 1164 908; x_wconf 76' lang='grc' dir='ltr'>Εἶναι</span> <span class='ocrx_word' id='word_1_35' title='bbox 1195 836 1230 908; x_wconf 75' lang='grc' dir='ltr'>δὲ</span> <span class='ocrx_word' id='word_1_36' title='bbox 1261 837 1392 910; x_wconf 77' lang='grc' dir='ltr'>τελείαν</span> 
     </span>
     <span class='ocr_line' id='line_1_6' title="bbox 235 950 1393 1050; baseline -0.003 -28"><span class='ocrx_word' id='word_1_37' title='bbox 235 951 479 1050; x_wconf 77' lang='grc' dir='ltr'>ἀπολύτρωσιν,</span> <span class='ocrx_word' id='word_1_38' title='bbox 507 951 605 1033; x_wconf 79' lang='grc' dir='ltr'>αὑτήν</span> <span class='ocrx_word' id='word_1_39' title='bbox 623 950 683 1033; x_wconf 81' lang='grc' dir='ltr'>τήν</span> <span class='ocrx_word' id='word_1_40' title='bbox 700 951 878 1041; x_wconf 72' lang='grc' dir='ltr'>ἐπίγνωσιν</span> <span class='ocrx_word' id='word_1_41' title='bbox 896 957 960 1022; x_wconf 78' lang='grc' dir='ltr'>τοῦ</span> <span class='ocrx_word' id='word_1_42' title='bbox 975 951 1121 1049; x_wconf 84' lang='grc' dir='ltr'>ἇῤῥήτου</span> <span class='ocrx_word' id='word_1_43' title='bbox 1139 952 1313 1043; x_wconf 78' lang='grc' dir='ltr'>μεγέθους·</span> <span class='ocrx_word' id='word_1_44' title='bbox 1340 952 1393 1020; x_wconf 88' lang='grc' dir='ltr'>ὑπ’</span> 
     </span>
     <span class='ocr_line' id='line_1_7' title="bbox 235 1060 1393 1162; baseline -0.003 -27"><span class='ocrx_word' id='word_1_45' title='bbox 235 1063 372 1156; x_wconf 74' lang='grc' dir='ltr'>ἆγνοῖαε</span> <span class='ocrx_word' id='word_1_46' title='bbox 389 1061 457 1162; x_wconf 80' lang='grc' dir='ltr'>γὰρ</span> <span class='ocrx_word' id='word_1_47' title='bbox 476 1065 704 1161; x_wconf 75' lang='grc' dir='ltr'>ὑστερήματος</span> <span class='ocrx_word' id='word_1_48' title='bbox 726 1062 779 1133; x_wconf 68' lang='grc' dir='ltr'>καὶ</span> <span class='ocrx_word' id='word_1_49' title='bbox 803 1060 928 1140; x_wconf 78' lang='grc' dir='ltr'>πάθους</span> <span class='ocrx_word' id='word_1_50' title='bbox 947 1064 1146 1154; x_wconf 77' lang='grc' dir='ltr'>γεγονότων,</span> <span class='ocrx_word' id='word_1_51' title='bbox 1167 1061 1221 1133; x_wconf 75' lang='grc' dir='ltr'>διὰ</span> <span class='ocrx_word' id='word_1_52' title='bbox 1242 1065 1393 1154; x_wconf 73' lang='grc' dir='ltr'>γνώσεως</span> 
     </span>
     <span class='ocr_line' id='line_1_8' title="bbox 235 1171 1392 1266; baseline -0.002 -20"><span class='ocrx_word' id='word_1_53' title='bbox 235 1177 460 1249; x_wconf 79' lang='grc' dir='ltr'>καταλύεσθαι</span> <span class='ocrx_word' id='word_1_54' title='bbox 481 1178 595 1246; x_wconf 80' lang='grc' dir='ltr'>πᾶσαν</span> <span class='ocrx_word' id='word_1_55' title='bbox 613 1176 673 1258; x_wconf 82' lang='grc' dir='ltr'>τήν</span> <span class='ocrx_word' id='word_1_56' title='bbox 700 1176 734 1248; x_wconf 86' lang='grc' dir='ltr'>ε’κ</span> <span class='ocrx_word' id='word_1_57' title='bbox 758 1182 816 1257; x_wconf 73' lang='grc' dir='ltr'>τῆς</span> <span class='ocrx_word' id='word_1_58' title='bbox 835 1174 972 1266; x_wconf 78' lang='grc' dir='ltr'>ἆγνοῖαε</span> <span class='ocrx_word' id='word_1_59' title='bbox 996 1176 1172 1246; x_wconf 77' lang='grc' dir='ltr'>σύστασιν·</span> <span class='ocrx_word' id='word_1_60' title='bbox 1202 1171 1296 1246; x_wconf 68' lang='grc' dir='ltr'>ὥστε</span> <span class='ocrx_word' id='word_1_61' title='bbox 1314 1174 1392 1246; x_wconf 75' lang='grc' dir='ltr'>εἶναι</span> 
     </span>
     <span class='ocr_line' id='line_1_9' title="bbox 236 1286 1393 1388; baseline -0.003 -27"><span class='ocrx_word' id='word_1_62' title='bbox 236 1289 296 1371; x_wconf 85' lang='grc' dir='ltr'>τήν</span> <span class='ocrx_word' id='word_1_63' title='bbox 330 1293 451 1380; x_wconf 80' lang='grc' dir='ltr'>γνῶσιν</span> <span class='ocrx_word' id='word_1_64' title='bbox 482 1287 716 1388; x_wconf 82' lang='grc' dir='ltr'>ὑπολὺτρωσιν</span> <span class='ocrx_word' id='word_1_65' title='bbox 748 1294 812 1360; x_wconf 84' lang='grc' dir='ltr'>τοὺ</span> <span class='ocrx_word' id='word_1_66' title='bbox 841 1286 931 1359; x_wconf 76' lang='grc' dir='ltr'>ἔνδον</span> <span class='ocrx_word' id='word_1_67' title='bbox 959 1288 1144 1386; x_wconf 77' lang='grc' dir='ltr'>ἀνθρώπου.</span> <span class='ocrx_word' id='word_1_68' title='bbox 1206 1287 1280 1359; x_wconf 76' lang='grc' dir='ltr'>Καὶ</span> <span class='ocrx_word' id='word_1_69' title='bbox 1310 1294 1393 1371; x_wconf 82' lang='grc' dir='ltr'>μήτε</span> 
     </span>
     <span class='ocr_line' id='line_1_10' title="bbox 236 1397 1394 1501; baseline -0.001 -30"><span class='ocrx_word' id='word_1_70' title='bbox 236 1400 424 1484; x_wconf 83' lang='grc' dir='ltr'>σωματικήν</span> <span class='ocrx_word' id='word_1_71' title='bbox 452 1397 612 1500; x_wconf 78' lang='grc' dir='ltr'>ὑπάρχειν</span> <span class='ocrx_word' id='word_1_72' title='bbox 646 1401 753 1485; x_wconf 84' lang='grc' dir='ltr'>αὑτήν,</span> <span class='ocrx_word' id='word_1_73' title='bbox 795 1399 954 1501; x_wconf 81' lang='grc' dir='ltr'>φθαρτὸν</span> <span class='ocrx_word' id='word_1_74' title='bbox 981 1397 1051 1500; x_wconf 82' lang='grc' dir='ltr'>γὰρ</span> <span class='ocrx_word' id='word_1_75' title='bbox 1078 1398 1122 1471; x_wconf 79' lang='grc' dir='ltr'>τὸ</span> <span class='ocrx_word' id='word_1_76' title='bbox 1150 1404 1261 1482; x_wconf 82' lang='grc' dir='ltr'>σῶμα·</span> <span class='ocrx_word' id='word_1_77' title='bbox 1310 1406 1394 1484; x_wconf 81' lang='grc' dir='ltr'>μήτε</span> 
     </span>
     <span class='ocr_line' id='line_1_11' title="bbox 237 1508 1393 1618; baseline 0.001 -36"><span class='ocrx_word' id='word_1_78' title='bbox 237 1513 394 1610; x_wconf 73' lang='grc' dir='ltr'>ψυχικήν,</span> <span class='ocrx_word' id='word_1_79' title='bbox 415 1513 485 1583; x_wconf 74' lang='grc' dir='ltr'>ἐπεὶ</span> <span class='ocrx_word' id='word_1_80' title='bbox 503 1513 556 1583; x_wconf 79' lang='grc' dir='ltr'>καὶ</span> <span class='ocrx_word' id='word_1_81' title='bbox 577 1517 595 1595; x_wconf 89' lang='grc' dir='ltr'>ή</span> <span class='ocrx_word' id='word_1_82' title='bbox 613 1510 712 1609; x_wconf 70' lang='grc' dir='ltr'>ψυχή</span> <span class='ocrx_word' id='word_1_83' title='bbox 731 1511 770 1608; x_wconf 77' lang='grc' dir='ltr'>ἐξ</span> <span class='ocrx_word' id='word_1_84' title='bbox 788 1517 1027 1612; x_wconf 72' lang='grc' dir='ltr'>ὑστερήματος,</span> <span class='ocrx_word' id='word_1_85' title='bbox 1047 1512 1118 1583; x_wconf 73' lang='grc' dir='ltr'>ικαὶ</span> <span class='ocrx_word' id='word_1_86' title='bbox 1142 1514 1218 1584; x_wconf 83' lang='grc' dir='ltr'>ἔστι</span> <span class='ocrx_word' id='word_1_87' title='bbox 1243 1508 1286 1618; x_wconf 85' lang='lat' dir='ltr'>[l.</span> <span class='ocrx_word' id='word_1_88' title='bbox 1307 1514 1393 1596; x_wconf 86' lang='grc' dir='ltr'>ε’στι,</span> 
     </span>
     <span class='ocr_line' id='line_1_12' title="bbox 236 1619 1396 1731; baseline 0 -35"><span class='ocrx_word' id='word_1_89' title='bbox 236 1620 311 1730; x_wconf 78' lang='grc' dir='ltr'>καὶ]</span> <span class='ocrx_word' id='word_1_90' title='bbox 339 1631 401 1697; x_wconf 81' lang='grc' dir='ltr'>τοῦ</span> <span class='ocrx_word' id='word_1_91' title='bbox 426 1624 568 1724; x_wconf 78' lang='grc' dir='ltr'>Πατρὺε</span> <span class='ocrx_word' id='word_1_92' title='bbox 593 1621 635 1731; x_wconf 80' lang='lat' dir='ltr'>[l.</span> <span class='ocrx_word' id='word_1_93' title='bbox 657 1619 859 1730; x_wconf 73' lang='grc' dir='ltr'>πνεύματος]</span> <span class='ocrx_word' id='word_1_94' title='bbox 885 1624 1000 1724; x_wconf 76' lang='grc' dir='ltr'>ὥσπερ</span> <span class='ocrx_word' id='word_1_95' title='bbox 1025 1627 1221 1722; x_wconf 73' lang='grc' dir='ltr'>οἰκητήριον·</span> <span class='ocrx_word' id='word_1_96' title='bbox 1252 1656 1396 1710; x_wconf 89' lang='grc' dir='ltr'>πνευμα-</span> 
     </span>
    </p>
   </div>
   <div class='ocr_carea' id='block_1_5' title="bbox 237 1731 1394 1843">
    <p class='ocr_par' dir='ltr' id='par_1_5' title="bbox 237 1731 1394 1843">
     <span class='ocr_line' id='line_1_13' title="bbox 237 1731 1394 1843; baseline -0.002 -32"><span class='ocrx_word' id='word_1_97' title='bbox 237 1739 328 1820; x_wconf 74' lang='grc' dir='ltr'>τικήν</span> <span class='ocrx_word' id='word_1_98' title='bbox 349 1735 401 1808; x_wconf 82' lang='grc' dir='ltr'>οὑν</span> <span class='ocrx_word' id='word_1_99' title='bbox 420 1736 468 1808; x_wconf 83' lang='lat' dir='ltr'>dei</span> <span class='ocrx_word' id='word_1_100' title='bbox 484 1733 525 1843; x_wconf 84' lang='lat' dir='ltr'>[l.</span> <span class='ocrx_word' id='word_1_101' title='bbox 547 1731 631 1842; x_wconf 78' lang='lat' dir='ltr'>dein]</span> <span class='ocrx_word' id='word_1_102' title='bbox 649 1738 702 1808; x_wconf 78' lang='lat' dir='ltr'>rai</span> <span class='ocrx_word' id='word_1_103' title='bbox 722 1739 782 1821; x_wconf 82' lang='grc' dir='ltr'>τήν</span> <span class='ocrx_word' id='word_1_104' title='bbox 801 1740 968 1837; x_wconf 87' lang='grc' dir='ltr'>λὺτρωσιν</span> <span class='ocrx_word' id='word_1_105' title='bbox 984 1734 1155 1837; x_wconf 77' lang='grc' dir='ltr'>ὑπάρχειν·</span> <span class='ocrx_word' id='word_1_106' title='bbox 1181 1743 1394 1837; x_wconf 73' lang='grc' dir='ltr'>λυτροῦσθαι</span> 
     </span>
    </p>
   </div>
   <div class='ocr_carea' id='block_1_6' title="bbox 237 1845 1463 2174">
    <p class='ocr_par' dir='ltr' id='par_1_6' title="bbox 237 1845 1463 2174">
     <span class='ocr_line' id='line_1_14' title="bbox 238 1845 1458 1956; baseline 0.001 -35"><span class='ocrx_word' id='word_1_107' title='bbox 238 1849 307 1950; x_wconf 78' lang='grc' dir='ltr'>γὰρ</span> <span class='ocrx_word' id='word_1_108' title='bbox 327 1849 379 1920; x_wconf 80' lang='grc' dir='ltr'>διὰ</span> <span class='ocrx_word' id='word_1_109' title='bbox 397 1849 562 1927; x_wconf 79' lang='grc' dir='ltr'>Μωϋσὲως</span> <span class='ocrx_word' id='word_1_110' title='bbox 586 1846 627 1956; x_wconf 87' lang='lat' dir='ltr'>[l.</span> <span class='ocrx_word' id='word_1_111' title='bbox 647 1845 815 1955; x_wconf 76' lang='grc' dir='ltr'>γνώσεως]</span> <span class='ocrx_word' id='word_1_112' title='bbox 840 1849 902 1923; x_wconf 79' lang='grc' dir='ltr'>τὸν</span> <span class='ocrx_word' id='word_1_113' title='bbox 925 1851 990 1923; x_wconf 78' lang='grc' dir='ltr'>ἔσω</span> <span class='ocrx_word' id='word_1_114' title='bbox 1015 1849 1190 1949; x_wconf 77' lang='grc' dir='ltr'>ἄνθρωπον</span> <span class='ocrx_word' id='word_1_115' title='bbox 1212 1849 1279 1923; x_wconf 85' lang='grc' dir='ltr'>τὺν</span> <span class='ocrx_word' id='word_1_116' title='bbox 1300 1875 1458 1922; x_wconf 59' lang='grc' dir='ltr'>πων-αἰ</span> 
     </span>
     <span class='ocr_line' id='line_1_15' title="bbox 237 1958 1463 2062; baseline -0.002 -28"><span class='ocrx_word' id='word_1_117' title='bbox 237 1962 385 2047; x_wconf 84' lang='grc' dir='ltr'>ματικόν,</span> <span class='ocrx_word' id='word_1_118' title='bbox 412 1963 465 2033; x_wconf 77' lang='grc' dir='ltr'>καὶ</span> <span class='ocrx_word' id='word_1_119' title='bbox 491 1962 662 2062; x_wconf 85' lang='grc' dir='ltr'>ἆρκεῖσθαι</span> <span class='ocrx_word' id='word_1_120' title='bbox 694 1963 812 2040; x_wconf 83' lang='grc' dir='ltr'>αὑτοὺε</span> <span class='ocrx_word' id='word_1_121' title='bbox 841 1970 889 2057; x_wconf 70' lang='grc' dir='ltr'>τῇ</span> <span class='ocrx_word' id='word_1_122' title='bbox 913 1967 979 2035; x_wconf 77' lang='grc' dir='ltr'>τῶν</span> <span class='ocrx_word' id='word_1_123' title='bbox 1009 1958 1098 2034; x_wconf 79' lang='grc' dir='ltr'>ὅλων</span> <span class='ocrx_word' id='word_1_124' title='bbox 1120 1963 1314 2055; x_wconf 80' lang='grc' dir='ltr'>ε’πιγνιὺσει·</span> <span class='ocrx_word' id='word_1_125' title='bbox 1341 1964 1463 2035; x_wconf 69' lang='lat' dir='ltr'>nolas.</span> 
     </span>
     <span class='ocr_line' id='line_1_16' title="bbox 237 2074 779 2174; baseline -0.006 -26"><span class='ocrx_word' id='word_1_126' title='bbox 237 2077 361 2159; x_wconf 83' lang='grc' dir='ltr'>ταὺτην</span> <span class='ocrx_word' id='word_1_127' title='bbox 379 2074 457 2146; x_wconf 73' lang='grc' dir='ltr'>εἶναι</span> <span class='ocrx_word' id='word_1_128' title='bbox 480 2076 645 2174; x_wconf 82' lang='grc' dir='ltr'>λὺτρωσιν</span> <span class='ocrx_word' id='word_1_129' title='bbox 664 2075 779 2159; x_wconf 79' lang='grc' dir='ltr'>ἆληθῆ.</span> 
     </span>
    </p>
   </div>
   <div class='ocr_carea' id='block_1_7' title="bbox 237 2240 1397 3727">
    <p class='ocr_par' dir='ltr' id='par_1_7' title="bbox 237 2240 1397 3526">
     <span class='ocr_line' id='line_1_17' title="bbox 237 2240 1396 2329; baseline 0 -20"><span class='ocrx_word' id='word_1_130' title='bbox 237 2243 300 2310; x_wconf 81' lang='lat' dir='ltr'>Alii</span> <span class='ocrx_word' id='word_1_131' title='bbox 316 2250 425 2309; x_wconf 91' lang='lat' dir='ltr'>autem</span> <span class='ocrx_word' id='word_1_132' title='bbox 441 2242 510 2307; x_wconf 82' lang='lat' dir='ltr'>haec</span> <span class='ocrx_word' id='word_1_133' title='bbox 527 2240 634 2307; x_wconf 91' lang='lat' dir='ltr'>omnia</span> <span class='ocrx_word' id='word_1_134' title='bbox 646 2249 838 2319; x_wconf 74' lang='lat' dir='ltr'>recusantes,</span> <span class='ocrx_word' id='word_1_135' title='bbox 852 2242 973 2323; x_wconf 88' lang='lat' dir='ltr'>dicunt,</span> <span class='ocrx_word' id='word_1_136' title='bbox 986 2263 1051 2309; x_wconf 93' lang='lat' dir='ltr'>non</span> <span class='ocrx_word' id='word_1_137' title='bbox 1063 2248 1214 2329; x_wconf 80' lang='lat' dir='ltr'>oportere</span> <span class='ocrx_word' id='word_1_138' title='bbox 1228 2241 1396 2309; x_wconf 84' lang='lat' dir='ltr'>inenarra-</span> 
     </span>
     <span class='ocr_line' id='line_1_18' title="bbox 238 2341 1396 2430; baseline -0.001 -21"><span class='ocrx_word' id='word_1_139' title='bbox 238 2343 310 2409; x_wconf 93' lang='lat' dir='ltr'>bilis</span> <span class='ocrx_word' id='word_1_140' title='bbox 332 2351 367 2409; x_wconf 90' lang='lat' dir='ltr'>et</span> <span class='ocrx_word' id='word_1_141' title='bbox 390 2341 553 2408; x_wconf 83' lang='lat' dir='ltr'>invisibilis</span> <span class='ocrx_word' id='word_1_142' title='bbox 575 2341 703 2407; x_wconf 88' lang='lat' dir='ltr'>virtutis</span> <span class='ocrx_word' id='word_1_143' title='bbox 728 2342 914 2428; x_wconf 79' lang='lat' dir='ltr'><strong>mysterium</strong></span> <span class='ocrx_word' id='word_1_144' title='bbox 939 2365 999 2430; x_wconf 88' lang='lat' dir='ltr'>per</span> <span class='ocrx_word' id='word_1_145' title='bbox 1016 2342 1153 2408; x_wconf 72' lang='lat' dir='ltr'>visibiles</span> <span class='ocrx_word' id='word_1_146' title='bbox 1178 2350 1212 2408; x_wconf 90' lang='lat' dir='ltr'>et</span> <span class='ocrx_word' id='word_1_147' title='bbox 1236 2344 1396 2429; x_wconf 89' lang='lat' dir='ltr'>corrupti-</span> 
     </span>
     <span class='ocr_line' id='line_1_19' title="bbox 239 2442 1396 2529; baseline 0 -21"><span class='ocrx_word' id='word_1_148' title='bbox 239 2443 318 2508; x_wconf 81' lang='lat' dir='ltr'>biles</span> <span class='ocrx_word' id='word_1_149' title='bbox 335 2442 443 2528; x_wconf 89' lang='lat' dir='ltr'>perfici</span> <span class='ocrx_word' id='word_1_150' title='bbox 461 2448 642 2507; x_wconf 86' lang='lat' dir='ltr'>creaturas:</span> <span class='ocrx_word' id='word_1_151' title='bbox 665 2449 699 2507; x_wconf 91' lang='lat' dir='ltr'>et</span> <span class='ocrx_word' id='word_1_152' title='bbox 711 2464 748 2506; x_wconf 89' lang='lat' dir='ltr'>ea</span> <span class='ocrx_word' id='word_1_153' title='bbox 765 2464 835 2528; x_wconf 85' lang='lat' dir='ltr'>quae</span> <span class='ocrx_word' id='word_1_154' title='bbox 852 2452 960 2508; x_wconf 90' lang='lat' dir='ltr'>mente</span> <span class='ocrx_word' id='word_1_155' title='bbox 977 2442 1097 2528; x_wconf 77' lang='lat' dir='ltr'>concipi</span> <span class='ocrx_word' id='word_1_156' title='bbox 1113 2464 1178 2507; x_wconf 93' lang='lat' dir='ltr'>non</span> <span class='ocrx_word' id='word_1_157' title='bbox 1195 2451 1343 2529; x_wconf 83' lang='lat' dir='ltr'>possunt,</span> <span class='ocrx_word' id='word_1_158' title='bbox 1362 2453 1396 2508; x_wconf 90' lang='lat' dir='ltr'>et</span> 
     </span>
     <span class='ocr_line' id='line_1_20' title="bbox 239 2541 1396 2628; baseline 0 -21"><span class='ocrx_word' id='word_1_159' title='bbox 239 2542 459 2628; x_wconf 88' lang='lat' dir='ltr'>incorporalia,</span> <span class='ocrx_word' id='word_1_160' title='bbox 478 2548 512 2606; x_wconf 90' lang='lat' dir='ltr'>et</span> <span class='ocrx_word' id='word_1_161' title='bbox 533 2541 750 2616; x_wconf 81' lang='lat' dir='ltr'>²insensibilia,</span> <span class='ocrx_word' id='word_1_162' title='bbox 769 2564 827 2628; x_wconf 89' lang='lat' dir='ltr'>per</span> <span class='ocrx_word' id='word_1_163' title='bbox 848 2542 1007 2608; x_wconf 88' lang='lat' dir='ltr'>sensibilia</span> <span class='ocrx_word' id='word_1_164' title='bbox 1023 2550 1057 2608; x_wconf 88' lang='lat' dir='ltr'>et</span> <span class='ocrx_word' id='word_1_165' title='bbox 1075 2543 1264 2628; x_wconf 86' lang='lat' dir='ltr'>corporalia.</span> <span class='ocrx_word' id='word_1_166' title='bbox 1316 2544 1396 2607; x_wconf 88' lang='lat' dir='ltr'>Esse</span> 
     </span>
     <span class='ocr_line' id='line_1_21' title="bbox 240 2641 1397 2729; baseline 0 -23"><span class='ocrx_word' id='word_1_167' title='bbox 240 2649 348 2706; x_wconf 89' lang='lat' dir='ltr'>autem</span> <span class='ocrx_word' id='word_1_168' title='bbox 365 2642 542 2726; x_wconf 70' lang='lat' dir='ltr'>perfectam</span> <span class='ocrx_word' id='word_1_169' title='bbox 557 2641 819 2727; x_wconf 85' lang='lat' dir='ltr'>redemptionem,</span> <span class='ocrx_word' id='word_1_170' title='bbox 836 2641 937 2728; x_wconf 91' lang='lat' dir='ltr'>ipsam</span> <span class='ocrx_word' id='word_1_171' title='bbox 954 2641 1148 2729; x_wconf 83' lang='lat' dir='ltr'>agnitionem</span> <span class='ocrx_word' id='word_1_172' title='bbox 1171 2641 1397 2708; x_wconf 89' lang='lat' dir='ltr'>inenarrabilis</span> 
     </span>
     <span class='ocr_line' id='line_1_22' title="bbox 240 2740 1395 2829; baseline 0.003 -25"><span class='ocrx_word' id='word_1_173' title='bbox 240 2740 476 2826; x_wconf 88' lang='lat' dir='ltr'>magnitudinis.</span> <span class='ocrx_word' id='word_1_174' title='bbox 503 2740 554 2805; x_wconf 86' lang='lat' dir='ltr'>Ea</span> <span class='ocrx_word' id='word_1_175' title='bbox 569 2741 653 2805; x_wconf 91' lang='lat' dir='ltr'>enim</span> <span class='ocrx_word' id='word_1_176' title='bbox 670 2763 740 2827; x_wconf 85' lang='lat' dir='ltr'>quae</span> <span class='ocrx_word' id='word_1_177' title='bbox 755 2749 831 2807; x_wconf 90' lang='lat' dir='ltr'>sunt</span> <span class='ocrx_word' id='word_1_178' title='bbox 847 2742 888 2806; x_wconf 92' lang='lat' dir='ltr'>de</span> <span class='ocrx_word' id='word_1_179' title='bbox 904 2741 1086 2829; x_wconf 90' lang='lat' dir='ltr'>ignorantia</span> <span class='ocrx_word' id='word_1_180' title='bbox 1101 2741 1182 2806; x_wconf 91' lang='lat' dir='ltr'>labis</span> <span class='ocrx_word' id='word_1_181' title='bbox 1198 2749 1233 2808; x_wconf 89' lang='lat' dir='ltr'>et</span> <span class='ocrx_word' id='word_1_182' title='bbox 1249 2743 1395 2828; x_wconf 81' lang='lat' dir='ltr'>passione</span> 
     </span>
     <span class='ocr_line' id='line_1_23' title="bbox 240 2839 1394 2927; baseline 0.003 -23"><span class='ocrx_word' id='word_1_183' title='bbox 240 2839 337 2917; x_wconf 79' lang='lat' dir='ltr'>iacta,</span> <span class='ocrx_word' id='word_1_184' title='bbox 355 2862 413 2925; x_wconf 89' lang='lat' dir='ltr'>per</span> <span class='ocrx_word' id='word_1_185' title='bbox 429 2839 624 2927; x_wconf 77' lang='lat' dir='ltr'>agnitionem</span> <span class='ocrx_word' id='word_1_186' title='bbox 639 2841 768 2906; x_wconf 89' lang='lat' dir='ltr'>dissolvi</span> <span class='ocrx_word' id='word_1_187' title='bbox 785 2842 964 2906; x_wconf 85' lang='lat' dir='ltr'>universnm</span> <span class='ocrx_word' id='word_1_188' title='bbox 981 2841 1170 2927; x_wconf 77' lang='lat' dir='ltr'>ignorantiae</span> <span class='ocrx_word' id='word_1_189' title='bbox 1191 2849 1327 2918; x_wconf 79' lang='lat' dir='ltr'>statum,</span> <span class='ocrx_word' id='word_1_190' title='bbox 1347 2842 1394 2907; x_wconf 88' lang='lat' dir='ltr'>uti</span> 
     </span>
     <span class='ocr_line' id='line_1_24' title="bbox 240 2939 1393 3028; baseline 0.003 -24"><span class='ocrx_word' id='word_1_191' title='bbox 240 2939 283 3005; x_wconf 87' lang='lat' dir='ltr'>sit</span> <span class='ocrx_word' id='word_1_192' title='bbox 300 2940 422 3027; x_wconf 81' lang='lat' dir='ltr'>agnitio</span> <span class='ocrx_word' id='word_1_193' title='bbox 434 2940 613 3026; x_wconf 88' lang='lat' dir='ltr'>redemptio</span> <span class='ocrx_word' id='word_1_194' title='bbox 630 2940 789 3006; x_wconf 88' lang='lat' dir='ltr'>interioris</span> <span class='ocrx_word' id='word_1_195' title='bbox 805 2941 948 3006; x_wconf 89' lang='lat' dir='ltr'>hominis.</span> <span class='ocrx_word' id='word_1_196' title='bbox 1001 2941 1047 3006; x_wconf 84' lang='lat' dir='ltr'>Et</span> <span class='ocrx_word' id='word_1_197' title='bbox 1073 2963 1176 3026; x_wconf 89' lang='lat' dir='ltr'>neque</span> <span class='ocrx_word' id='word_1_198' title='bbox 1195 2943 1393 3028; x_wconf 75' lang='lat' dir='ltr'>corporalem</span> 
     </span>
     <span class='ocr_line' id='line_1_25' title="bbox 240 3039 1393 3128; baseline 0.002 -23"><span class='ocrx_word' id='word_1_199' title='bbox 240 3061 308 3106; x_wconf 89' lang='lat' dir='ltr'>esse</span> <span class='ocrx_word' id='word_1_200' title='bbox 329 3063 419 3123; x_wconf 90' lang='lat' dir='ltr'>eam;</span> <span class='ocrx_word' id='word_1_201' title='bbox 447 3040 654 3125; x_wconf 84' lang='lat' dir='ltr'>corruptibile</span> <span class='ocrx_word' id='word_1_202' title='bbox 671 3039 755 3104; x_wconf 90' lang='lat' dir='ltr'>enim</span> <span class='ocrx_word' id='word_1_203' title='bbox 772 3048 821 3106; x_wconf 91' lang='lat' dir='ltr'>est</span> <span class='ocrx_word' id='word_1_204' title='bbox 839 3062 971 3126; x_wconf 89' lang='lat' dir='ltr'>corpus:</span> <span class='ocrx_word' id='word_1_205' title='bbox 998 3062 1102 3127; x_wconf 89' lang='lat' dir='ltr'>neque</span> <span class='ocrx_word' id='word_1_206' title='bbox 1117 3041 1299 3119; x_wconf 89' lang='lat' dir='ltr'>animalem,</span> <span class='ocrx_word' id='word_1_207' title='bbox 1316 3065 1393 3128; x_wconf 88' lang='lat' dir='ltr'>quo·</span> 
     </span>
     <span class='ocr_line' id='line_1_26' title="bbox 239 3137 1392 3228; baseline 0.003 -24"><span class='ocrx_word' id='word_1_208' title='bbox 239 3140 325 3206; x_wconf 89' lang='lat' dir='ltr'>niam</span> <span class='ocrx_word' id='word_1_209' title='bbox 343 3154 376 3206; x_wconf 87' lang='lat' dir='ltr'>et</span> <span class='ocrx_word' id='word_1_210' title='bbox 394 3141 501 3206; x_wconf 90' lang='lat' dir='ltr'>anima</span> <span class='ocrx_word' id='word_1_211' title='bbox 517 3141 558 3204; x_wconf 94' lang='lat' dir='ltr'>de</span> <span class='ocrx_word' id='word_1_212' title='bbox 574 3140 645 3205; x_wconf 91' lang='lat' dir='ltr'>labe</span> <span class='ocrx_word' id='word_1_213' title='bbox 662 3147 722 3216; x_wconf 89' lang='lat' dir='ltr'>est,</span> <span class='ocrx_word' id='word_1_214' title='bbox 743 3137 822 3226; x_wconf 70' lang='lat' dir='ltr'>[adj.</span> <span class='ocrx_word' id='word_1_215' title='bbox 835 3141 885 3228; x_wconf 87' lang='lat' dir='ltr'>et]</span> <span class='ocrx_word' id='word_1_216' title='bbox 904 3139 1035 3226; x_wconf 90' lang='lat' dir='ltr'>spiritus</span> <span class='ocrx_word' id='word_1_217' title='bbox 1051 3140 1139 3206; x_wconf 86' lang='lat' dir='ltr'>velut</span> <span class='ocrx_word' id='word_1_218' title='bbox 1153 3140 1392 3208; x_wconf 83' lang='lat' dir='ltr'>habitaculum:</span> 
     </span>
     <span class='ocr_line' id='line_1_27' title="bbox 239 3239 1393 3327; baseline 0.001 -22"><span class='ocrx_word' id='word_1_219' title='bbox 239 3241 416 3326; x_wconf 88' lang='lat' dir='ltr'>spiritalem</span> <span class='ocrx_word' id='word_1_220' title='bbox 432 3263 508 3327; x_wconf 89' lang='lat' dir='ltr'>ergo</span> <span class='ocrx_word' id='word_1_221' title='bbox 531 3247 679 3326; x_wconf 86' lang='lat' dir='ltr'>oportere</span> <span class='ocrx_word' id='word_1_222' title='bbox 705 3247 739 3304; x_wconf 90' lang='lat' dir='ltr'>et</span> <span class='ocrx_word' id='word_1_223' title='bbox 761 3240 1012 3326; x_wconf 87' lang='lat' dir='ltr'>redemptionem</span> <span class='ocrx_word' id='word_1_224' title='bbox 1032 3262 1108 3306; x_wconf 87' lang='lat' dir='ltr'>esse.</span> <span class='ocrx_word' id='word_1_225' title='bbox 1160 3239 1293 3307; x_wconf 86' lang='lat' dir='ltr'>Redimi</span> <span class='ocrx_word' id='word_1_226' title='bbox 1308 3242 1393 3308; x_wconf 91' lang='lat' dir='ltr'>enim</span> 
     </span>
     <span class='ocr_line' id='line_1_28' title="bbox 240 3339 1394 3426; baseline 0.004 -24"><span class='ocrx_word' id='word_1_227' title='bbox 240 3361 299 3424; x_wconf 90' lang='lat' dir='ltr'>per</span> <span class='ocrx_word' id='word_1_228' title='bbox 317 3340 513 3426; x_wconf 88' lang='lat' dir='ltr'>agnitionem</span> <span class='ocrx_word' id='word_1_229' title='bbox 532 3339 715 3404; x_wconf 89' lang='lat' dir='ltr'>interiorem</span> <span class='ocrx_word' id='word_1_230' title='bbox 735 3339 895 3405; x_wconf 90' lang='lat' dir='ltr'>hominem</span> <span class='ocrx_word' id='word_1_231' title='bbox 916 3339 1103 3426; x_wconf 86' lang='lat' dir='ltr'>spiritalem,</span> <span class='ocrx_word' id='word_1_232' title='bbox 1126 3346 1161 3407; x_wconf 86' lang='lat' dir='ltr'>et</span> <span class='ocrx_word' id='word_1_233' title='bbox 1176 3341 1322 3409; x_wconf 84' lang='lat' dir='ltr'>sufficere</span> <span class='ocrx_word' id='word_1_234' title='bbox 1346 3342 1394 3407; x_wconf 85' lang='lat' dir='ltr'>eis</span> 
     </span>
     <span class='ocr_line' id='line_1_29' title="bbox 239 3437 1333 3526; baseline 0.005 -24"><span class='ocrx_word' id='word_1_235' title='bbox 239 3437 456 3503; x_wconf 89' lang='lat' dir='ltr'>universorum</span> <span class='ocrx_word' id='word_1_236' title='bbox 474 3439 689 3525; x_wconf 86' lang='lat' dir='ltr'>agnitionem:</span> <span class='ocrx_word' id='word_1_237' title='bbox 715 3447 749 3504; x_wconf 91' lang='lat' dir='ltr'>et</span> <span class='ocrx_word' id='word_1_238' title='bbox 766 3439 848 3504; x_wconf 91' lang='lat' dir='ltr'>hanc</span> <span class='ocrx_word' id='word_1_239' title='bbox 865 3462 934 3505; x_wconf 90' lang='lat' dir='ltr'>csse</span> <span class='ocrx_word' id='word_1_240' title='bbox 950 3439 1203 3526; x_wconf 82' lang='lat' dir='ltr'>redemptionem</span> <span class='ocrx_word' id='word_1_241' title='bbox 1215 3464 1333 3508; x_wconf 83' lang='lat' dir='ltr'>veram.</span> 
     </span>
    </p>

    <p class='ocr_par' dir='ltr' id='par_1_8' title="bbox 239 3537 1393 3727">
     <span class='ocr_line' id='line_1_30' title="bbox 316 3537 1391 3623; baseline 0.004 -21"><span class='ocrx_word' id='word_1_242' title='bbox 316 3542 347 3602; x_wconf 79' lang='lat'>4.</span> <span class='ocrx_word' id='word_1_243' title='bbox 373 3537 441 3601; x_wconf 91' lang='lat' dir='ltr'>Alii</span> <span class='ocrx_word' id='word_1_244' title='bbox 456 3547 531 3603; x_wconf 90' lang='lat' dir='ltr'>sunt</span> <span class='ocrx_word' id='word_1_245' title='bbox 548 3537 601 3623; x_wconf 93' lang='lat' dir='ltr'>qui</span> <span class='ocrx_word' id='word_1_246' title='bbox 617 3540 777 3604; x_wconf 82' lang='lat' dir='ltr'>³mortuos</span> <span class='ocrx_word' id='word_1_247' title='bbox 798 3539 960 3606; x_wconf 88' lang='lat' dir='ltr'>redimunt</span> <span class='ocrx_word' id='word_1_248' title='bbox 980 3540 1024 3606; x_wconf 80' lang='lat' dir='ltr'>ad</span> <span class='ocrx_word' id='word_1_249' title='bbox 1046 3539 1143 3606; x_wconf 84' lang='lat' dir='ltr'>finem</span> <span class='ocrx_word' id='word_1_250' title='bbox 1167 3541 1391 3618; x_wconf 82' lang='lat' dir='ltr'>defunctionis,</span> 
     </span>
     <span class='ocr_line' id='line_1_31' title="bbox 239 3635 1393 3727; baseline 0.007 -27"><span class='ocrx_word' id='word_1_251' title='bbox 239 3635 405 3702; x_wconf 90' lang='lat' dir='ltr'>mittentes</span> <span class='ocrx_word' id='word_1_252' title='bbox 429 3660 538 3703; x_wconf 90' lang='lat' dir='ltr'>eorum</span> <span class='ocrx_word' id='word_1_253' title='bbox 568 3638 725 3725; x_wconf 88' lang='lat' dir='ltr'>capitibus</span> <span class='ocrx_word' id='word_1_254' title='bbox 753 3638 858 3705; x_wconf 83' lang='lat' dir='ltr'>oleum</span> <span class='ocrx_word' id='word_1_255' title='bbox 886 3647 922 3706; x_wconf 89' lang='lat' dir='ltr'>et</span> <span class='ocrx_word' id='word_1_256' title='bbox 950 3661 1078 3726; x_wconf 82' lang='lat' dir='ltr'>squam,</span> <span class='ocrx_word' id='word_1_257' title='bbox 1104 3639 1172 3705; x_wconf 89' lang='lat' dir='ltr'>sive</span> <span class='ocrx_word' id='word_1_258' title='bbox 1201 3642 1393 3727; x_wconf 84' lang='lat' dir='ltr'>praedictum</span> 
     </span>
    </p>
   </div>
   <div class='ocr_carea' id='block_1_8' title="bbox 238 3816 1394 4622">
    <p class='ocr_par' dir='ltr' id='par_1_9' title="bbox 238 3816 1394 4216">
     <span class='ocr_line' id='line_1_32' title="bbox 287 3816 1393 3888; baseline 0.007 -21"><span class='ocrx_word' id='word_1_259' title='bbox 287 3816 444 3868; x_wconf 80' lang='lat' dir='ltr'>¹Msssnnr</span> <span class='ocrx_word' id='word_1_260' title='bbox 457 3820 528 3868; x_wconf 85' lang='lat' dir='ltr'>reads</span> <span class='ocrx_word' id='word_1_261' title='bbox 545 3820 585 3869; x_wconf 77' lang='grc' dir='ltr'>κιιὶ</span> <span class='ocrx_word' id='word_1_262' title='bbox 602 3821 645 3870; x_wconf 75' lang='grc' dir='ltr'>ἔτι,</span> <span class='ocrx_word' id='word_1_263' title='bbox 681 3820 790 3869; x_wconf 76' lang='lat' dir='ltr'>Ivould</span> <span class='ocrx_word' id='word_1_264' title='bbox 840 3822 1393 3888; x_wconf 64' lang='lat' dir='ltr'>uthemepraetieessyaeupaeems</span> 
     </span>
     <span class='ocr_line' id='line_1_33' title="bbox 238 3901 1394 3970; baseline 0.008 -22"><span class='ocrx_word' id='word_1_265' title='bbox 238 3915 343 3964; x_wconf 79' lang='lat' dir='ltr'>propone</span> <span class='ocrx_word' id='word_1_266' title='bbox 365 3902 391 3960; x_wconf 73' lang='grc' dir='ltr'>ἐξ</span> <span class='ocrx_word' id='word_1_267' title='bbox 413 3901 577 3963; x_wconf 75' lang='grc' dir='ltr'>ὑστερήματὸς</span> <span class='ocrx_word' id='word_1_268' title='bbox 599 3903 659 3963; x_wconf 72' lang='grc' dir='ltr'>ἐστι,</span> <span class='ocrx_word' id='word_1_269' title='bbox 685 3904 726 3951; x_wconf 68' lang='grc' dir='ltr'>καὶ</span> <span class='ocrx_word' id='word_1_270' title='bbox 747 3904 791 3951; x_wconf 81' lang='grc' dir='ltr'>τοὺ</span> <span class='ocrx_word' id='word_1_271' title='bbox 840 3905 903 3964; x_wconf 78' lang='grc' dir='ltr'>μετὰ</span> <span class='ocrx_word' id='word_1_272' title='bbox 912 3906 958 3965; x_wconf 79' lang='grc' dir='ltr'>τὴν</span> <span class='ocrx_word' id='word_1_273' title='bbox 969 3906 1102 3968; x_wconf 77' lang='grc' dir='ltr'>ἁτοβίωσιν</span> <span class='ocrx_word' id='word_1_274' title='bbox 1113 3908 1194 3955; x_wconf 72' lang='grc' dir='ltr'>ἔλαιον</span> <span class='ocrx_word' id='word_1_275' title='bbox 1206 3907 1248 3956; x_wconf 68' lang='grc' dir='ltr'>καὶ</span> <span class='ocrx_word' id='word_1_276' title='bbox 1264 3906 1328 3970; x_wconf 77' lang='grc' dir='ltr'>ὕδωρ</span> <span class='ocrx_word' id='word_1_277' title='bbox 1342 3909 1394 3957; x_wconf 81' lang='grc' dir='ltr'>ταῖς</span> 
     </span>
     <span class='ocr_line' id='line_1_34' title="bbox 239 3982 1390 4052; baseline 0.007 -21"><span class='ocrx_word' id='word_1_278' title='bbox 239 3983 372 4040; x_wconf 74' lang='grc' dir='ltr'>πνεύματος</span> <span class='ocrx_word' id='word_1_279' title='bbox 389 3985 463 4030; x_wconf 90' lang='grc' dir='ltr'>κ.τ.λ.</span> <span class='ocrx_word' id='word_1_280' title='bbox 479 3982 540 4031; x_wconf 84' lang='lat' dir='ltr'>with</span> <span class='ocrx_word' id='word_1_281' title='bbox 555 3983 637 4031; x_wconf 87' lang='lat' dir='ltr'>which</span> <span class='ocrx_word' id='word_1_282' title='bbox 653 3984 696 4032; x_wconf 91' lang='lat' dir='ltr'>the</span> <span class='ocrx_word' id='word_1_283' title='bbox 712 3983 790 4034; x_wconf 81' lang='lat' dir='ltr'>Latin</span> <span class='ocrx_word' id='word_1_284' title='bbox 840 3987 889 4036; x_wconf 75' lang='grc' dir='ltr'>τῶν</span> <span class='ocrx_word' id='word_1_285' title='bbox 903 3988 1071 4036; x_wconf 78' lang='grc' dir='ltr'>τελευτώντων</span> <span class='ocrx_word' id='word_1_286' title='bbox 1087 3989 1249 4052; x_wconf 76' lang='grc' dir='ltr'>ἐπιβάλλουσι</span> <span class='ocrx_word' id='word_1_287' title='bbox 1267 3991 1390 4051; x_wconf 77' lang='grc' dir='ltr'>κεφαλαῖς,</span> 
     </span>
     <span class='ocr_line' id='line_1_35' title="bbox 238 4063 1391 4127; baseline 0.004 -13"><span class='ocrx_word' id='word_1_288' title='bbox 238 4063 329 4127; x_wconf 85' lang='lat' dir='ltr'>closely</span> <span class='ocrx_word' id='word_1_289' title='bbox 348 4078 440 4125; x_wconf 86' lang='lat' dir='ltr'>agrees,</span> <span class='ocrx_word' id='word_1_290' title='bbox 461 4063 484 4110; x_wconf 82' lang='lat' dir='ltr'>ii</span> <span class='ocrx_word' id='word_1_291' title='bbox 498 4077 536 4111; x_wconf 81' lang='lat' dir='ltr'>we</span> <span class='ocrx_word' id='word_1_292' title='bbox 558 4064 617 4127; x_wconf 84' lang='lat' dir='ltr'>only</span> <span class='ocrx_word' id='word_1_293' title='bbox 634 4069 727 4114; x_wconf 87' lang='lat' dir='ltr'>restore</span> <span class='ocrx_word' id='word_1_294' title='bbox 747 4067 791 4116; x_wconf 85' lang='lat' dir='ltr'>the</span> <span class='ocrx_word' id='word_1_295' title='bbox 840 4070 916 4117; x_wconf 87' lang='grc' dir='ltr'>κ.τ.λ.</span> <span class='ocrx_word' id='word_1_296' title='bbox 934 4067 1050 4118; x_wconf 69' lang='lat' dir='ltr'>Ma</span> <span class='ocrx_word' id='word_1_297' title='bbox 1071 4083 1108 4118; x_wconf 83' lang='lat'>11.</span> <span class='ocrx_word' id='word_1_298' title='bbox 1152 4069 1191 4119; x_wconf 79' lang='lat' dir='ltr'>cf.</span> <span class='ocrx_word' id='word_1_299' title='bbox 1215 4071 1287 4122; x_wconf 79' lang='lat' dir='ltr'>Ocno.</span> <span class='ocrx_word' id='word_1_300' title='bbox 1309 4069 1391 4122; x_wconf 71' lang='lat' dir='ltr'>cana.</span> 
     </span>
     <span class='ocr_line' id='line_1_36' title="bbox 238 4144 1393 4216; baseline 0.005 -19"><span class='ocrx_word' id='word_1_301' title='bbox 238 4144 483 4197; x_wconf 71' lang='lat' dir='ltr'>aabsorbedinthe</span> <span class='ocrx_word' id='word_1_302' title='bbox 493 4144 626 4209; x_wconf 81' lang='lat' dir='ltr'>preceding</span> <span class='ocrx_word' id='word_1_303' title='bbox 636 4152 675 4194; x_wconf 80' lang='lat' dir='ltr'>eat.</span> <span class='ocrx_word' id='word_1_304' title='bbox 839 4161 881 4200; x_wconf 87' lang='lat'>111.</span> <span class='ocrx_word' id='word_1_305' title='bbox 902 4167 955 4199; x_wconf 86' lang='lat' dir='ltr'>can.</span> <span class='ocrx_word' id='word_1_306' title='bbox 976 4148 1006 4201; x_wconf 84' lang='lat'>6:</span> <span class='ocrx_word' id='word_1_307' title='bbox 1053 4150 1200 4214; x_wconf 63' lang='lat' dir='ltr'>emtus</span> <span class='ocrx_word' id='word_1_308' title='bbox 1225 4152 1393 4216; x_wconf 54' lang='lat' dir='ltr'>dorcam</span> 
     </span>
    </p>

    <p class='ocr_par' dir='ltr' id='par_1_10' title="bbox 239 4226 1394 4376">
     <span class='ocr_line' id='line_1_37' title="bbox 287 4226 1393 4288; baseline 0.005 -11"><span class='ocrx_word' id='word_1_309' title='bbox 287 4226 299 4260; x_wconf 86' lang='lat'><strong>¹</strong></span> <span class='ocrx_word' id='word_1_310' title='bbox 315 4226 479 4287; x_wconf 77' lang='lat' dir='ltr'>lmensitilic,</span> <span class='ocrx_word' id='word_1_311' title='bbox 492 4227 518 4274; x_wconf 90' lang='lat' dir='ltr'>in</span> <span class='ocrx_word' id='word_1_312' title='bbox 529 4228 572 4274; x_wconf 92' lang='lat' dir='ltr'>the</span> <span class='ocrx_word' id='word_1_313' title='bbox 583 4227 738 4288; x_wconf 86' lang='lat' dir='ltr'>translation,</span> <span class='ocrx_word' id='word_1_314' title='bbox 753 4229 789 4276; x_wconf 90' lang='lat' dir='ltr'>in·</span> <span class='ocrx_word' id='word_1_315' title='bbox 839 4229 996 4281; x_wconf 70' lang='grc' dir='ltr'>Ειιελακὺιία</span> <span class='ocrx_word' id='word_1_316' title='bbox 1009 4247 1060 4280; x_wconf 76' lang='grc' dir='ltr'>που</span> <span class='ocrx_word' id='word_1_317' title='bbox 1072 4231 1159 4288; x_wconf 68' lang='lat' dir='ltr'>detur:</span> <span class='ocrx_word' id='word_1_318' title='bbox 1174 4233 1268 4282; x_wconf 63' lang='grc' dir='ltr'>ἀιαιιοι</span> <span class='ocrx_word' id='word_1_319' title='bbox 1282 4241 1314 4283; x_wconf 76' lang='lat' dir='ltr'>at</span> <span class='ocrx_word' id='word_1_320' title='bbox 1330 4233 1393 4283; x_wconf 76' lang='grc' dir='ltr'>ειιιία</span> 
     </span>
     <span class='ocr_line' id='line_1_38' title="bbox 239 4308 1394 4376; baseline 0.004 -15"><span class='ocrx_word' id='word_1_321' title='bbox 239 4311 332 4361; x_wconf 77' lang='lat' dir='ltr'>dicatas</span> <span class='ocrx_word' id='word_1_322' title='bbox 344 4311 384 4359; x_wconf 77' lang='grc' dir='ltr'>καὶ</span> <span class='ocrx_word' id='word_1_323' title='bbox 395 4311 544 4368; x_wconf 77' lang='grc' dir='ltr'>ἀναισθητῶν</span> <span class='ocrx_word' id='word_1_324' title='bbox 554 4308 579 4357; x_wconf 91' lang='lat' dir='ltr'>in</span> <span class='ocrx_word' id='word_1_325' title='bbox 591 4309 633 4357; x_wconf 81' lang='lat' dir='ltr'>the</span> <span class='ocrx_word' id='word_1_326' title='bbox 644 4309 755 4373; x_wconf 72' lang='lat' dir='ltr'>original.</span> <span class='ocrx_word' id='word_1_327' title='bbox 840 4326 857 4361; x_wconf 89' lang='grc' dir='ltr'>α</span> <span class='ocrx_word' id='word_1_328' title='bbox 873 4313 988 4374; x_wconf 79' lang='lat' dir='ltr'>Domino,</span> <span class='ocrx_word' id='word_1_329' title='bbox 1005 4312 1116 4376; x_wconf 74' lang='lat' dir='ltr'>Accipite</span> <span class='ocrx_word' id='word_1_330' title='bbox 1132 4320 1154 4363; x_wconf 78' lang='lat' dir='ltr'>ol</span> <span class='ocrx_word' id='word_1_331' title='bbox 1171 4314 1249 4374; x_wconf 63' lang='lat' dir='ltr'>edim</span> <span class='ocrx_word' id='word_1_332' title='bbox 1273 4315 1394 4366; x_wconf 74' lang='lat' dir='ltr'>cadum</span> 
     </span>
    </p>

    <p class='ocr_par' dir='ltr' id='par_1_11' title="bbox 239 4392 1394 4622">
     <span class='ocr_line' id='line_1_39' title="bbox 288 4392 1334 4457; baseline 0.007 -17"><span class='ocrx_word' id='word_1_333' title='bbox 288 4392 433 4442; x_wconf 73' lang='lat' dir='ltr'>⁸Moatuos.</span> <span class='ocrx_word' id='word_1_334' title='bbox 463 4392 558 4440; x_wconf 82' lang='lat' dir='ltr'>Gnsnn</span> <span class='ocrx_word' id='word_1_335' title='bbox 589 4392 703 4440; x_wconf 82' lang='lat' dir='ltr'>observes</span> <span class='ocrx_word' id='word_1_336' title='bbox 733 4393 791 4441; x_wconf 80' lang='lat' dir='ltr'>that</span> <span class='ocrx_word' id='word_1_337' title='bbox 839 4394 1334 4457; x_wconf 72' lang='grc' dir='ltr'>ουιεωαεεοεείρουροιαιωκωεαεκε</span> 
     </span>
     <span class='ocr_line' id='line_1_40' title="bbox 240 4473 1393 4541; baseline 0.003 -18"><span class='ocrx_word' id='word_1_338' title='bbox 240 4474 408 4523; x_wconf 75' lang='lat' dir='ltr'>Enlrnsmns</span> <span class='ocrx_word' id='word_1_339' title='bbox 425 4475 446 4522; x_wconf 92' lang='lat' dir='ltr'>is</span> <span class='ocrx_word' id='word_1_340' title='bbox 465 4473 586 4539; x_wconf 83' lang='lat' dir='ltr'>speaking</span> <span class='ocrx_word' id='word_1_341' title='bbox 602 4473 630 4522; x_wconf 83' lang='lat' dir='ltr'>of</span> <span class='ocrx_word' id='word_1_342' title='bbox 644 4474 686 4522; x_wconf 89' lang='lat' dir='ltr'>the</span> <span class='ocrx_word' id='word_1_343' title='bbox 702 4473 787 4537; x_wconf 86' lang='lat' dir='ltr'>dying,</span> <span class='ocrx_word' id='word_1_344' title='bbox 888 4476 941 4525; x_wconf 84' lang='lat' dir='ltr'>The</span> <span class='ocrx_word' id='word_1_345' title='bbox 959 4477 1091 4541; x_wconf 73' lang='lat' dir='ltr'>preceding</span> <span class='ocrx_word' id='word_1_346' title='bbox 1107 4478 1201 4527; x_wconf 80' lang='lat' dir='ltr'>sentior</span> <span class='ocrx_word' id='word_1_347' title='bbox 1217 4479 1240 4528; x_wconf 84' lang='lat' dir='ltr'>is</span> <span class='ocrx_word' id='word_1_348' title='bbox 1257 4478 1393 4529; x_wconf 84' lang='lat' dir='ltr'>concluded</span> 
     </span>
     <span class='ocr_line' id='line_1_41' title="bbox 239 4555 1394 4622; baseline 0.01 -20"><span class='ocrx_word' id='word_1_349' title='bbox 239 4559 286 4602; x_wconf 85' lang='lat' dir='ltr'>not</span> <span class='ocrx_word' id='word_1_350' title='bbox 297 4555 327 4604; x_wconf 84' lang='lat' dir='ltr'>of</span> <span class='ocrx_word' id='word_1_351' title='bbox 340 4557 383 4605; x_wconf 84' lang='lat' dir='ltr'>the</span> <span class='ocrx_word' id='word_1_352' title='bbox 399 4557 475 4618; x_wconf 62' lang='grc' dir='ltr'>ἀυτὴ</span> <span class='ocrx_word' id='word_1_353' title='bbox 492 4556 661 4616; x_wconf 77' lang='grc' dir='ltr'>Τακοοοεκτ,</span> <span class='ocrx_word' id='word_1_354' title='bbox 677 4555 791 4620; x_wconf 81' lang='lat' dir='ltr'>alluding</span> <span class='ocrx_word' id='word_1_355' title='bbox 839 4557 873 4622; x_wconf 86' lang='lat' dir='ltr'>by</span> <span class='ocrx_word' id='word_1_356' title='bbox 884 4556 1054 4608; x_wconf 75' lang='grc' dir='ltr'>Εεινακκιυε</span> <span class='ocrx_word' id='word_1_357' title='bbox 1068 4558 1130 4609; x_wconf 82' lang='lat' dir='ltr'>with</span> <span class='ocrx_word' id='word_1_358' title='bbox 1141 4559 1185 4610; x_wconf 83' lang='lat' dir='ltr'>the</span> <span class='ocrx_word' id='word_1_359' title='bbox 1195 4560 1278 4611; x_wconf 70' lang='lat' dir='ltr'>words</span> <span class='ocrx_word' id='word_1_360' title='bbox 1289 4563 1333 4613; x_wconf 73' lang='lat' dir='ltr'>lm</span> <span class='ocrx_word' id='word_1_361' title='bbox 1346 4562 1394 4612; x_wconf 74' lang='lat' dir='ltr'>st«</span> 
     </span>
    </p>
   </div>
   <div class='ocr_carea' id='block_1_9' title="bbox 0 0 1486 4986">
    <p class='ocr_par' dir='ltr' id='par_1_12' title="bbox 0 0 1486 4986">
     <span class='ocr_line' id='line_1_42' title="bbox 0 0 1486 4986; baseline 0 0"><span class='ocrx_word' id='word_1_362' title='bbox 0 0 1486 4986; x_wconf 95' lang='lat' dir='ltr'> </span> 
     </span>
    </p>
   </div>
  </div>
 </body>
</html>
