2954 4986
250 343 317 409 262
586 352 816 408 Dumnacus
841 352 1095 407 IGNORAN’I'IAE

85 537 237 624 effinse&-
251 518 319 604 ejus
335 538 431 583 causa
447 538 515 582 esse
529 515 737 602 ignorantiae?
772 514 879 581 Extra
901 512 1100 603 agnitionem
1120 513 1207 578 enim
1230 511 1309 578 fecit
1325 534 1401 591 eam,

87 611 202 716 Magn·
213 610 232 667 l·
252 627 347 683 extra
365 617 515 682 Pleroma
532 637 602 680 eam
619 615 797 701 projiciens.

89 747 238 757 --
326 719 357 782 2.
408 717 526 781 Adhuc
536 737 662 801 quoque
678 715 705 780 si
722 715 896 780 secundum
912 713 1109 801 agnitionem
1127 722 1162 779 et
1179 713 1402 801 ignorantiam,

253 818 340 885 intra
357 816 504 881 Pleroma
527 823 561 881 et
586 822 681 880 extra
698 814 847 880 Pleroma
864 814 987 891 dicunt,
1002 813 1085 879 sicut
1108 813 1240 898 quidam
1266 834 1307 877 ex
1334 814 1404 900 ipsis

253 917 374 993 dicunt,
386 915 534 1000 quoniam
553 915 606 1001 qui
623 915 655 978 in
673 914 836 1002 agnitione
852 920 913 991 est,
924 913 1011 981 iutra
1027 912 1061 976 id
1078 922 1137 987 est,
1149 913 1236 998 quod
1248 914 1402 997 agnoscit;

253 1016 356 1100 ipsum
372 1015 570 1080 Salvatorem
584 1016 692 1099 (quem
712 1015 831 1079 Omnia
846 1035 914 1078 esse
931 1012 1055 1096 dicunt)
1065 1013 1097 1076 in
1113 1011 1299 1098 ignorantia
1314 1013 1404 1078 luisse

254 1115 433 1179 consentire
451 1137 504 1178 eos
520 1135 647 1178 necesse
665 1120 723 1178 est.
777 1113 900 1178 Dicunt
916 1111 1000 1178 enim
1019 1134 1101 1190 eum,
1120 1133 1194 1176 cum
1211 1111 1299 1176 loras
1315 1121 1405 1178 extra

255 1213 405 1279 Pleroma
417 1213 564 1290 venisset,
583 1213 735 1278 formasse
752 1214 893 1278 Matrem
909 1211 1059 1298 ipsorum.
1102 1210 1137 1275 Si
1154 1211 1257 1297 ig'tur
1273 1210 1307 1275 id
1323 1214 1404 1297 quod

253 1321 302 1378 est
319 1319 423 1387 extra,
435 1311 650 1398 ignorantiam
666 1312 777 1378 dicunt
793 1311 1020 1389 universorum,
1033 1310 1112 1376 exiit
1129 1318 1239 1375 autem
1259 1308 1404 1377 Salvator

252 1413 295 1477 ad
312 1411 535 1476 formationem
554 1411 674 1476 Matris
694 1412 845 1497 ipsorum,
864 1417 958 1477 extra
975 1410 1169 1498 agnitionem
1187 1410 1403 1476 universorum

253 1511 357 1576 lactus
374 1519 435 1587 cst,
449 1511 510 1576 hoc
522 1518 571 1577 est
588 1511 621 1575 iu
638 1511 829 1598 ignorantia.
856 1511 1026 1588 Quomodo
1038 1510 1138 1597 igitur
1150 1509 1195 1574 illi
1209 1509 1402 1597 agnitionem

253 1620 408 1697 proestare
425 1618 564 1697 poterat,
582 1634 654 1676 cum
672 1618 706 1677 et
723 1612 790 1698 ipse
807 1618 902 1676 extra
917 1609 1113 1698 agnitionem
1129 1613 1236 1677 essetl
1288 1610 1335 1676 Et
1349 1633 1402 1675 nos

253 1712 348 1788 enim,
365 1718 460 1776 extra
476 1711 671 1797 agnitionem
687 1734 760 1776 cum
777 1711 874 1776 simus
891 1710 1038 1796 ipsorum,
1057 1718 1151 1774 extra
1173 1708 1326 1775 Pleroma
1340 1733 1403 1776 esse

254 1811 376 1876 dicunt.
430 1810 476 1876 Et
501 1810 641 1875 iterum:
669 1810 704 1874 Si
730 1811 829 1898 igitur
851 1810 999 1876 Salvator
1024 1808 1124 1875 exivit
1146 1815 1243 1874 extra
1259 1808 1403 1875 Pleroma

254 1910 296 1974 ad
321 1910 598 1997 investigationem
624 1911 758 1996 perdita
781 1910 857 1989 ovis,
886 1910 1035 1975 Pleroma
1061 1915 1170 1973 autem
1198 1916 1250 1975 est
1274 1909 1401 1996 agnitio,

254 2018 348 2074 extra
364 2010 558 2096 agnitionem
576 2011 680 2075 lactus
696 2018 755 2088 cst,
774 2011 859 2096 quod
874 2018 924 2074 est
940 2010 973 2073 in
991 2007 1180 2095 ignorantia
1233 2008 1309 2074 Aut
1324 2010 1404 2074 enim

254 2108 407 2187 localiter,
427 2110 512 2194 quod
529 2117 579 2174 est
596 2116 691 2174 extra
708 2110 857 2175 Pleroma
874 2108 1052 2174 consentire
1069 2131 1123 2173 eos
1138 2130 1268 2173 nmsse
1285 2117 1355 2190 est;
1372 2120 1404 2175 et

254 2207 361 2272 omnia
378 2231 449 2293 quae
466 2208 621 2294 praedicta
642 2217 719 2275 sunt
735 2209 897 2275 contraria
914 2216 1082 2274 occurrent
1097 2208 1161 2272 eis:
1187 2208 1239 2273 vel
1255 2208 1283 2273 si
1298 2231 1404 2274 secun-

255 2307 331 2371 dum
349 2308 545 2394 agnitionem
562 2308 673 2374 dicunt
688 2310 774 2395 qnod
797 2317 846 2374 est
861 2309 956 2383 intua,
975 2316 1009 2373 et
1027 2307 1243 2394 ignorantiam
1258 2310 1344 2394 quod
1358 2318 1405 2375 est

255 2413 359 2486 extra,
387 2407 535 2473 Salvator
559 2408 694 2489 illorum,
721 2417 755 2473 et
781 2408 883 2473 multo
905 2415 981 2474 ante
999 2406 1154 2486 Christus,
1172 2407 1205 2471 in
1224 2408 1405 2495 ignorantia

255 2505 334 2570 laeti
347 2514 451 2583 erunt,
470 2515 564 2572 extra
581 2508 728 2573 Pleroma
745 2508 861 2595 egressi
882 2509 924 2573 ad
939 2507 1176 2573 ¹lormationem
1192 2509 1310 2574 matris
1326 2509 1461 2596 ipso-⁰³²

255 2626 336 2680 rum,
355 2608 441 2690 quod
458 2615 508 2672 est
524 2615 618 2672 extra
634 2609 841 2695 agnitionem.

331 2707 364 2771 3.
420 2706 502 2770 Haec
519 2714 627 2771 autem
645 2709 795 2773 adversus
812 2728 921 2772 omnes
938 2707 991 2793 qui
1014 2706 1157 2792 quolibet
1178 2706 1278 2771 modo
1294 2707 1344 2772 vel
1365 2709 1403 2773 ab

255 2803 386 2889 angelis,
414 2804 464 2868 vel
494 2807 535 2869 ab
564 2804 627 2870 alio
662 2808 800 2892 quodam
829 2814 950 2892 praeter
975 2828 1084 2872 verum
1113 2805 1219 2872 Deum
1251 2808 1405 2872 mnndum

255 2904 375 2969 sactum
392 2926 461 2969 csse
477 2903 597 2979 dicunt,
616 2906 761 2972 similiter
781 2908 1032 2993 adaptabuntur.
1084 2906 1191 2982 Quam
1214 2907 1302 2973 euim
1320 2907 1404 2972 incu-

254 3003 410 3069 sationem
439 3004 562 3070 faciunt
596 3006 636 3070 de
666 3005 852 3092 Demiurgo,
881 3012 916 3071 et
945 3008 986 3071 de
1019 3005 1079 3084 his,
1107 3028 1178 3092 quae
1209 3007 1298 3072 sacta
1332 3012 1405 3072 sunt

255 3104 434 3170 materialia
449 3113 484 3170 et
498 3105 696 3191 temporalia,
710 3113 854 3172 recurret
870 3105 904 3169 in
921 3107 1066 3173 Patrem:
1084 3106 1242 3192 siquidem
1256 3107 1405 3192 quemad·

254 3204 385 3268 modum
410 3204 443 3269 iu
468 3212 579 3270 ventre
598 3205 790 3270 Pleromatis
812 3205 898 3270 facta
922 3215 1008 3285 sunt,
1033 3229 1105 3292 quae
1127 3206 1308 3292 inciperent
1331 3229 1404 3272 mox

255 3303 382 3367 demum
404 3304 533 3368 dissolvi
553 3304 725 3370 secundum
740 3304 974 3371 concessionem
995 3308 1089 3372 etad
1112 3304 1268 3392 placitum
1285 3305 1403 3372 Patria

254 3400 279 3464 J
280 3423 333 3466 am
357 3401 457 3488 igitur
483 3425 547 3468 non
575 3413 625 3469 est
649 3404 823 3470 fabricator
848 3420 945 3470 causa
969 3405 1063 3490 hujus
1088 3405 1295 3491 operationis,
1315 3406 1405 3471 valde

253 3499 335 3563 bene
352 3508 469 3586 putans
486 3503 690 3588 semetipsum
713 3504 878 3578 fabricare,
894 3505 950 3569 scd
972 3505 1025 3590 qui
1048 3506 1082 3570 in
1106 3505 1171 3569 suis
1198 3505 1349 3571 concedit
1373 3515 1404 3571 et

254 3601 371 3684 probat
401 3600 481 3666 labis
508 3602 703 3688 prolationes
729 3611 763 3668 et
789 3603 906 3668 erroris
928 3627 1027 3691 opera
1048 3604 1129 3683 fieri,
1155 3612 1191 3670 et
1216 3604 1250 3669 in
1276 3606 1405 3671 aetemis

254 3700 452 3785 temporalia,
471 3709 505 3767 et
530 3703 562 3766 in
588 3701 881 3789 incorruptibilibus
903 3704 1133 3790 corruptibilia,
1150 3715 1185 3770 et
1207 3704 1242 3769 in
1263 3704 1314 3770 his
1337 3727 1405 3793 quse

254 3798 398 3864 veritatis
415 3808 500 3876 sunt,
518 3825 557 3868 ca
574 3825 644 3887 quae
661 3809 736 3868 sunt
754 3803 878 3869 erroris.
932 3803 967 3868 Si
981 3812 1090 3869 autem
1110 3825 1174 3868 non
1200 3806 1406 3883 concedente,

254 3916 356 3980 neque
373 3902 572 3984 approbante
582 3903 680 3968 Patre
695 3901 921 3977 universorum,
935 3903 1023 3968 lacta
1038 3911 1115 3969 sunt
1125 3903 1212 3976 haec3
1231 3905 1405 3989 potentior,

253 4002 287 4060 et
304 3996 428 4074 fortior,
448 4007 481 4065 et
499 4001 692 4066 dominatior
708 4001 744 4077 is,
763 4002 835 4089 'qui
855 4001 931 4067 fecit
955 4003 988 4067 in
1006 4002 1054 4082 iis,
1071 4024 1143 4088 quae
1167 4005 1302 4090 propria
1327 4005 1405 4070 illiue

252 4104 337 4175 sunt,
357 4119 552 4186 quaecunque
569 4101 621 4166 ille
641 4122 704 4165 non
728 4101 892 4168 concessit.
943 4101 977 4167 si
998 4109 1106 4168 autem
1133 4124 1198 4168 non
1223 4106 1405 4191 approbans

300 4299 309 4330 ¹
326 4300 379 4348 The
397 4301 451 4350 first
468 4301 601 4350 formation
617 4302 646 4350 os
660 4302 803 4352 Achamoth
903 4303 914 4334 ²
930 4304 982 4352 The
1001 4308 1115 4353 mntence
1133 4305 1155 4353 is
1174 4320 1244 4356 more
1264 4307 1405 4373 intelligible

250 4379 284 4442 by
301 4381 385 4430 Christ
401 4398 452 4430 was
469 4379 520 4432 κατ’
537 4384 620 4431 οὐσίαν
635 4384 703 4448 only,
722 4401 747 4448 p.
763 4399 801 4445 32.
853 4385 879 4434 in
901 4387 945 4434 the
964 4385 1063 4435 Greek:
1089 4388 1230 4450 κυριώτερος
1255 4389 1269 4437 ὀ
1291 4391 1406 4440 saurir

249 4459 304 4508 The
319 4461 410 4510 second
424 4461 458 4526 by
471 4462 544 4511 Soter
556 4479 607 4512 was
624 4466 688 4513 κατὰ
704 4467 800 4525 γνῶσιν,
857 4468 937 4517 αὐτοῖς
947 4469 980 4514 τὰ
994 4467 1067 4516 aaran
1084 4469 1141 4527 tae,
1157 4469 1208 4518 ὅσα
1219 4471 1309 4521 ἐκεῖνος
1326 4471 1351 4536 [b
1362 4473 1405 4520 lla·

245 4558 268 4607 Ρ·
283 4557 324 4611 39·
853 4549 899 4608 nbc
909 4547 994 4611 aloe
1004 4550 1166 4610 συνεκύρησε.
