2954 4986
556 347 758 399 unsrunsa
1176 331 1241 395 259

92 511 230 596 reliquos
248 510 382 584 AEonas‚
400 531 472 575 cum
489 508 553 573 siut
570 508 673 574 ¹vacui
689 509 816 582 fratros,
830 530 962 572 vacuam
977 513 1011 572 et
1028 505 1242 572 substantiam
1258 519 1346 606 Lgpiffi-
1354 521 1406 606 ”1¹2²

93 613 219 690 hahere.
273 609 308 674 Si
331 617 439 675 autem
463 631 527 673 nou
553 617 603 674 est
628 608 786 686 emissum,
805 631 825 672 a
849 631 883 672 se
906 615 1020 672 natum
1047 615 1096 671 est
1116 614 1150 671 et
1168 629 1188 670 a
1208 629 1241 671 se
1258 595 1406 698 MAS'Sslld'·

93 720 282 798 generatum
306 716 355 774 est
378 718 412 775 et
438 709 638 794 aequiparans
661 708 693 772 in
716 717 861 793 tempore
883 708 912 772 ei
930 707 984 793 qui
1001 715 1050 772 est
1068 707 1241 771 secundum
1256 734 1402 745 --

94 833 147 875 eos
166 809 275 896 Bytho
298 809 438 874 omnium
465 809 564 894 patri;
586 818 620 874 et
645 808 689 872 sic
713 808 854 893 ejusdem
878 816 1014 883 naturae,
1041 814 1076 872 et
1101 807 1242 892 ejusdem

94 911 222 975 honoris
247 909 310 974 erit
332 932 465 974 vacuum
492 908 521 972 ei
547 909 600 994 qui
624 917 673 973 est
694 908 866 973 secundum
889 930 952 986 eos,
971 907 1112 971 omnium
1139 906 1241 971 Patri.

95 1011 234 1096 Oportet
247 1009 331 1073 enim
346 1009 434 1073 illum
450 1015 507 1073 aut
524 1008 672 1073 emissum
696 1029 763 1072 esse
780 1009 821 1071 ab
837 1006 961 1092 aliquo;
986 1014 1043 1071 aut
1061 1029 1081 1071 a
1097 1028 1131 1070 se
1147 1027 1242 1092 gene·

10 1146 19 1168 ν.
65 1158 70 1170 .
95 1119 210 1184 ratum,
228 1117 292 1174 eta
308 1131 342 1173 se
359 1119 470 1174 natum
489 1130 566 1173 esse.
595 1108 658 1173 Sed
675 1108 702 1171 si
720 1106 847 1192 quidem
865 1107 1013 1172 emissum
1031 1115 1079 1171 est
1096 1128 1241 1177 vacuum,

94 1232 210 1274 vacuus
227 1215 261 1272 et
279 1209 423 1294 prolator
439 1217 489 1273 est
507 1207 708 1286 Valentinus,
726 1206 817 1270 vacui
839 1215 873 1271 ct
890 1213 1065 1272 sectatores
1082 1207 1159 1291 ejus.
1207 1206 1242 1271 Si

94 1317 202 1374 autem
219 1330 284 1372 non
301 1308 461 1392 prolatum
478 1315 538 1387 est,
556 1309 610 1372 sed
630 1330 650 1372 a
666 1329 700 1371 se
717 1314 905 1393 generatum
922 1314 991 1382 est3
1015 1314 1049 1372 et
1072 1306 1173 1371 simile
1193 1314 1243 1372 est

94 1417 128 1473 et
144 1409 323 1472 fraternum
340 1415 374 1473 ot
394 1408 535 1493 ejusdem
553 1406 690 1481 honoris,
707 1406 741 1470 id
763 1407 848 1491 quod
864 1414 913 1471 est
932 1429 1074 1486 vacuum,
1093 1406 1122 1471 ei
1150 1406 1243 1471 Patri

94 1508 147 1593 qui
165 1508 336 1593 praedictus
359 1515 408 1572 est
431 1529 451 1571 a
469 1506 659 1572 Valentino:
685 1505 845 1591 antiquius
867 1512 976 1570 autem
993 1515 1027 1572 et
1043 1507 1144 1571 multo
1167 1514 1243 1571 ante

93 1608 259 1685 exsistens,
277 1617 311 1672 et
328 1607 588 1672 honorificentius
608 1606 736 1692 reliquis
761 1605 919 1671 AEonibus
945 1605 1042 1692 ipsius
1058 1605 1243 1671 ²Ptolemaei

94 1715 128 1773 et
147 1707 363 1784 Heracleonis‚
381 1713 414 1772 et
430 1707 558 1792 reliquis
575 1707 721 1771 omnihus
739 1705 792 1790 qui
810 1707 921 1770 eadem
938 1707 1120 1791 opinantur.

169 1811 200 1874 3.
253 1807 287 1871 Si
320 1814 429 1872 autem
459 1815 493 1872 et
511 1805 664 1892 ”aporiati
690 1805 723 1869 in
757 1805 805 1870 his
839 1805 1054 1870 confiteantur
1079 1805 1244 1872 continere

94 1905 201 1971 omnia
227 1905 360 1971 Patrem
387 1906 538 1984 omnium,
571 1914 605 1971 et
637 1913 730 1970 extra
759 1904 909 1971 Pleroma
939 1927 1007 1970 esse
1037 1905 1123 1982 nihil,
1155 1907 1243 1989 (nam

93 2006 264 2072 necessitas
280 2016 329 2071 est
346 2006 432 2070 omui
449 2007 544 2070 modo
560 2005 685 2070 definiri
702 2027 774 2070 eum
792 2015 826 2072 et
841 2005 1055 2071 circumscribi
1074 2005 1115 2070 ab
1137 2006 1244 2091 aliquo

94 2109 225 2192 majore,
243 2114 277 2172 et
301 2106 334 2170 id
353 2107 439 2191 quod
465 2114 559 2170 extra
580 2115 615 2170 et
635 2105 719 2191 quod
742 2105 829 2170 intus
846 2105 952 2170 dicere
976 2107 1048 2170 ⁴eos
1070 2107 1245 2171 secundum

10 2224 79 2264 nuo.
94 2205 289 2292 agnitionem
306 2215 340 2271 et
357 2205 581 2292 ignorantiam,
596 2206 652 2270 sed
677 2227 741 2270 non
765 2206 937 2270 secundum
962 2206 1095 2270 localem
1116 2214 1246 2270 senteu-

95 2306 175 2370 tiam
194 2303 436 2393 [distantiam])‚
462 2306 496 2369 in
522 2305 699 2391 pleromate
721 2314 840 2383 autern,
866 2306 916 2371 vel
940 2305 973 2369 in
997 2306 1046 2370 his
1071 2328 1142 2390 qnae
1172 2328 1246 2370 con·

94 2405 240 2470 tinentur
261 2429 281 2471 a
300 2406 409 2480 Patre,
427 2405 514 2471 sacta
528 2427 549 2470 a
567 2405 742 2492 Demiurgo
767 2413 824 2470 aut
845 2407 887 2472 ab
904 2406 1034 2492 angelis,
1052 2428 1246 2494 quaecunque

95 2513 129 2570 et
146 2506 233 2570 facta
249 2505 374 2585 scimus,
393 2504 549 2571 contineri
567 2507 608 2570 ab
628 2505 832 2571 inenarrabili
853 2507 1083 2592 magnitudine,
1104 2507 1190 2572 velut
1212 2507 1246 2571 in

95 2605 213 2669 circulo
239 2614 395 2680 centrum,
416 2613 473 2671 aut
493 2605 580 2671 velut
605 2605 637 2670 in
663 2606 772 2671 tunica
793 2607 967 2672 maculam:
993 2607 1096 2692 primo
1118 2607 1247 2692 quidem

95 2703 197 2789 qualis
216 2704 341 2792 Bythus
356 2705 417 2771 erit
436 2705 596 2770 sustinens
612 2705 646 2770 iu
663 2707 733 2769 sinu
753 2728 810 2771 suo
832 2707 990 2771 maculam
1010 2707 1089 2783 lieri,
1116 2715 1150 2772 et
1175 2730 1247 2793 per-

94 2804 227 2869 mittens
244 2806 277 2869 iu
301 2805 366 2870 suis
387 2805 526 2870 alterum
546 2806 704 2890 quendam
726 2807 863 2871 condere
877 2807 926 2872 vel
949 2808 1102 2892 prolerre,
1128 2815 1248 2892 prester

95 2925 186 2968 suam
203 2906 366 2970 menteml
400 2905 496 2981 Quod
514 2905 642 2990 quidem
659 2905 957 2971 ⁵indescihilitatem
973 2907 1121 2973 universo
1137 2908 1247 2972 Plero-

95 3004 175 3068 mati
197 3005 311 3070 afferre
330 3004 499 3090 inciperet,
517 3026 590 3070 cum
614 3013 722 3090 posset
745 3007 786 3070 ab
806 3005 899 3070 initio
919 3007 1106 3072 abscindere
1131 3006 1247 3084 labem,

143 3238 255 3299 ¹Vccui,
270 3241 315 3288 τοῦ
324 3240 401 3289 κενοῦ.
431 3239 475 3288 On.
489 3254 570 3288 ccccc.
600 3238 647 3288 See
696 3239 833 3288 Heracleon
849 3240 910 3289 alter
925 3239 1056 3301 lsoercticus,
1074 3242 1117 3304 qui
1133 3256 1187 3290 cum
1204 3241 1248 3291 Vc·

94 3336 117 3383 p.
132 3317 187 3381 267,
206 3335 265 3370 nc.
698 3321 788 3370 teatino
805 3323 885 3384 pario
905 3323 982 3384 scutit,
1004 3324 1046 3372 ced
1067 3323 1169 3373 mutate
1191 3341 1249 3387 quc·

143 3400 154 3432 ¹
184 3402 324 3451 Heracleon
357 3403 407 3451 aud
440 3402 555 3468 Ptolemy
583 3419 649 3452 were
698 3401 757 3450 dom
780 3403 990 3464 pronuntiationis
1016 3405 1068 3454 cult
1088 3406 1167 3455 rideri
1195 3407 1249 3457 otiu

93 3483 171 3532 chiese
187 3483 216 3531 os
231 3483 274 3532 the
291 3483 406 3532 Western
423 3488 476 3532 sect
492 3484 521 3532 of
533 3483 647 3532 Valenti·
697 3484 790 3534 seruire.
817 3498 838 3548 5.

95 3565 174 3624 nians,
200 3579 228 3611 as
250 3564 422 3613 Hrrronrrns
444 3565 548 3614 informs
570 3582 648 3615 ust-
747 3566 897 3631 ”Aporictt
932 3571 984 3620 The
1000 3572 1135 3621 translator
1150 3574 1251 3623 rendere

95 3649 125 3695 01
142 3648 185 3704 μὲν
202 3648 251 3695 ἀπὸ
268 3649 312 3706 τῆς
324 3647 435 3698 Ἰταλίας
452 3646 484 3696 ὦν
499 3649 647 3710 ἐστίνἭρα-
699 3648 820 3709 ἀπορῆσαι
831 3649 865 3712 by
876 3650 1020 3711 aporiatum,
1035 3668 1060 3715 p.
1072 3663 1109 3712 17.
1140 3652 1182 3700 He
1198 3653 1251 3702 also

96 3732 171 3778 πλέων
188 3731 228 3778 καῖ
240 3731 399 3791 Πτολεμαῖος,
418 3733 504 3790 νι.τ.λ.,
522 3730 573 3778 and
589 3731 649 3794 they
698 3746 754 3778 usos
776 3731 819 3778 cue
844 3731 913 3779 word
935 3733 1008 3794 again
1032 3737 1059 3781 at
1084 3734 1127 3782 the
1149 3733 1203 3783 foot
1225 3734 1254 3784 os

95 3827 122 3860 as
139 3811 194 3860 well
215 3828 243 3862 as
264 3812 331 3861 their
351 3817 444 3861 master
465 3827 507 3860 are
523 3811 649 3861 identified
698 3807 788 3872 p.265.
815 3810 866 3858 Aa.
879 3810 930 3859 aud
941 3811 1022 3861 Voss.
1035 3813 1097 3862 omit
1113 3821 1140 3864 ct.

95 3893 155 3941 with
177 3894 221 3941 tha
242 3893 305 3942 later
321 3893 437 3942 Platonic
455 3892 506 3942 and
522 3892 648 3958 Pythago·
748 3888 759 3920 ⁴
775 3890 967 3941 Borisomitted
978 3894 1004 3942 in
1015 3894 1058 3942 the
1068 3896 1119 3944 AB.
1132 3896 1189 3946 MS.

94 3990 153 4022 rean
178 3974 276 4022 schocls
297 3975 327 4022 ol'
344 3974 500 4039 philosophy.
548 3976 651 4022 Οὐαλεν-
749 3971 880 4028 lusorio.
894 3973 961 4034 roim,
980 3976 1081 4026 inlatas
1092 3979 1169 4028 Latin
1180 3979 1252 4029 made

94 4056 157 4104 τίνος
176 4056 254 4103 τοίνυν
277 4056 318 4103 rol
336 4057 479 4118 ’Πρακλέων
500 4056 540 4104 nal
560 4056 651 4104 Πτολε·
699 4053 798 4114 scibilis,
811 4055 958 4117 sodcaciaoo,
973 4057 1069 4120 deciri,
1081 4061 1164 4109 would
1178 4063 1253 4110 make

95 4138 164 4194 μαΐος
186 4139 226 4185 rol
250 4138 319 4186 πᾶσα
345 4138 361 4197 ἡ
390 4140 483 4187 τούτων
510 4139 600 4198 σχολὴ,
628 4138 651 4186 ol
700 4134 827 4195 deciana,
846 4137 896 4185 and
912 4138 975 4187 from
995 4139 1046 4188 this
1062 4142 1209 4205 apparently
1231 4142 1253 4191 is

95 4215 291 4280 Πνθαγὸρουκαῖ
303 4219 433 4268 Πλάτωνος
443 4219 560 4278 μαθηταί.
589 4216 650 4266 Plei-
700 4216 796 4264 formed
804 4217 1114 4283 dcccitilr'toadcycnerocy.
1135 4223 1253 4270 'I'hetrus

96 4299 138 4347 los.
154 4310 191 4346 vr.
208 4312 247 4362 29,
264 4295 302 4360 36.
339 4297 439 4347 Soalso
455 4299 499 4347 the
519 4298 611 4347 author
625 4297 655 4346 of
701 4298 832 4361 readingI
848 4301 998 4363 imaginato
1014 4303 1044 4350 be
1060 4302 1119 4350 inde
1134 4302 1253 4352 decibili·

96 4380 139 4428 the
154 4378 262 4427 Libellus
275 4378 405 4443 appended
416 4383 444 4427 ῖο
458 4377 652 4426 Tlnruman’s
700 4385 779 4429 laton.
813 4380 893 4429 There
906 4382 927 4430 is
942 4398 975 4429 no
992 4383 1107 4430 evidence
1123 4384 1149 4431 in
1167 4384 1255 4434 favour

97 4460 262 4523 Pmnapca,
282 4460 346 4509 ather
363 4459 520 4524 mentioning
537 4458 653 4524 Ptolemy
702 4461 731 4508 ol
745 4460 937 4522 irntccillitolem,
954 4479 981 4510 as
999 4464 1097 4526 printed
1112 4465 1138 4513 in
1149 4465 1192 4516 the
1203 4482 1254 4515 ear·

100 4542 150 4591 and
176 4541 315 4604 Secundus,
339 4541 409 4601 adds,
433 4540 519 4589 astitit
537 4546 654 4604 macc
701 4541 746 4589 lier
757 4541 872 4592 edition.
