2954 4986
419 336 445 388 a
472 336 632 390 cumsro
659 335 919 391 amnunurun.
1176 321 1243 391 373

87 510 198 555 ornnes
209 492 260 554 ¹se
269 488 405 555 ediscere
413 498 507 568 artes,
515 512 706 578 quacunque
719 490 779 555 illae
791 491 855 556 sive
866 490 897 553 in
912 511 1089 556 sermonum
1100 489 1243 555 arationi-
1255 512 1406 597 arnapam.

86 593 158 670 bus,
169 592 234 658 sive
244 593 276 655 in
285 594 684 680 operibus⁹consumantur,
696 595 760 660 sive
769 617 825 680 per
832 595 1056 659 continentiam
1064 593 1240 670 edocentur,
1262 588 1398 692 ⁰¹5th

87 705 121 761 et
135 718 190 782 per
204 696 351 773 laborem,
367 706 400 761 et
414 697 659 774 meditationem,
678 706 711 762 et
729 697 991 783 perseverantiam
1010 695 1239 782 percipiuntur3
1281 681 1390 739 ’ΜΨ

86 808 226 885 utputa
254 821 377 864 omnem
406 801 542 884 speciem
573 801 717 878 Musicae,
747 808 780 864 et
810 799 1069 885 computationis,
1099 808 1131 863 ct
1160 799 1241 863 Gee-
1256 781 1405 791 —

87 904 217 982 metriae,
240 912 273 968 ct
294 904 515 981 Astronomiae,
535 914 567 969 et
584 904 727 969 universa
747 926 817 988 quae
832 903 863 965 in
879 924 1056 967 sermonum
1070 901 1242 966 rationibus

86 1017 296 1092 occupantur:
326 1007 429 1071 adhuc
453 1007 548 1071 etiam
576 1006 768 1071 Medicinam
798 1006 984 1084 nniversam,
1013 1013 1047 1070 et
1075 1006 1241 1070 herbarum

86 1109 260 1184 scientiam,
283 1117 316 1174 et
337 1131 390 1173 eas
412 1132 481 1196 quae
503 1110 544 1174 ad
566 1109 697 1174 salutem
720 1110 889 1173 humanam
904 1117 978 1173 sunt
997 1107 1184 1181 claboratae3
1208 1116 1242 1172 et

87 1211 251 1296 picturam,
266 1218 299 1276 ct
313 1220 487 1277 statuarum
502 1212 747 1290 fabricationem,
762 1220 795 1277 et
812 1211 953 1276 aerariam
976 1220 1086 1289 artem,
1109 1218 1141 1275 et
1160 1232 1241 1274 mar·

86 1316 262 1394 morafiam,
278 1324 310 1381 et
324 1316 442 1382 similes
455 1316 523 1380 his:
548 1318 605 1381 ³ab
623 1316 672 1381 his
690 1324 797 1380 autem
818 1338 943 1381 ornnem
960 1315 1096 1402 speciem
1110 1315 1241 1381 rustica-

85 1419 191 1499 tionis,
206 1429 239 1486 et
253 1421 455 1499 veterinariae,
467 1429 499 1485 et
514 1420 690 1506 pastoralis,
701 1429 734 1484 et
747 1420 893 1504 opificum
902 1429 996 1498 artes,
1010 1442 1080 1504 quae
1095 1419 1242 1485 dicuntur

85 1524 272 1608 pertransire
294 1525 467 1589 ⁴universas
489 1533 584 1601 artes,
607 1532 640 1588 et
662 1545 716 1588 eas
742 1546 811 1607 quae
837 1528 930 1609 lerga
953 1532 1180 1599 mammeam,
1207 1532 1241 1589 et

85 1625 222 1710 ⁰corpori
237 1627 374 1704 student,
395 1634 428 1692 et
448 1625 633 1702 venatorias,
656 1634 689 1690 ct
710 1625 870 1703 militares,
889 1633 920 1690 et
943 1626 1073 1712 regales,
1096 1634 1129 1691 et
1150 1635 1239 1711 quot

33 1746 64 1785 ω
86 1738 162 1815 quot
176 1737 260 1807 sunt,
277 1752 406 1816 quarum
421 1752 480 1795 nec
495 1729 661 1808 decimam,
676 1751 735 1794 nec
754 1729 950 1793 millesimam
972 1737 1093 1815 partem
1115 1729 1148 1793 in
1171 1737 1240 1794 tota

85 1834 150 1898 vita
173 1855 231 1898 sua
254 1834 450 1899 elaborantes
473 1834 611 1898 ediscere
636 1841 778 1920 possunt.
821 1833 866 1897 Et
889 1833 1000 1897 horum
1018 1831 1143 1919 quidem
1163 1832 1240 1897 nihil

85 1937 420 2027 conanturaddiscerc,
437 1936 489 2023 qui
508 1937 540 2000 in
566 1936 650 2001 omni
672 1936 781 2001 dicunt
801 1935 988 2021 semetipsos
1009 1944 1151 2021 oportere
1172 1936 1239 2000 fieri

85 2062 189 2125 opere,
211 2040 252 2104 ad
274 2041 449 2124 voluptates
472 2048 578 2104 autern
601 2047 634 2103 et
655 2038 824 2115 libidinem,
847 2048 879 2104 et
902 2038 1007 2123 turpia
1027 2039 1111 2103 lacta
1132 2039 1238 2104 dever-

85 2152 207 2231 gentes,
217 2146 251 2208 ⁷a
264 2142 440 2229 semetipsis
449 2142 581 2228 judicati
594 2163 665 2208 cum
680 2141 743 2207 sint
758 2142 928 2207 secundum
940 2141 1113 2206 doctrinam
1128 2164 1237 2218 suam;

86 2248 233 2336 quoniam
247 2246 329 2312 enim
347 2247 460 2311 desunt
483 2247 530 2312 eis
552 2270 623 2334 quae
646 2246 797 2331 praedicta
818 2256 893 2311 sunt
914 2247 1029 2325 emnia,
1051 2247 1092 2311 ad
1117 2269 1240 2334 correp

85 2352 204 2416 tionem
234 2349 315 2437 ignis
345 2349 487 2415 adibunt.
534 2349 595 2431 Qui
624 2349 750 2434 quidem
780 2349 907 2435 Epicuri
938 2349 1175 2436 philosophiam,
1206 2360 1239 2416 et

86 2453 273 2540 Cynicorum
301 2450 540 2517 indifferentiam
568 2452 762 2529 aemulantes,
793 2451 816 2514 J
819 2473 906 2516 esum
932 2452 1115 2539 magistrum
1144 2453 1238 2540 glori-

84 2564 187 2634 antur,
204 2554 256 2641 qui
272 2576 332 2618 non
347 2554 448 2618 solum
462 2576 483 2618 a
501 2553 592 2618 malis
606 2553 750 2640 operibus
764 2553 876 2618 avertit
895 2576 969 2619 suos
989 2554 1167 2639 discipulos,
1183 2557 1239 2621 sed

84 2659 180 2724 etiam
194 2680 214 2722 a
228 2657 421 2723 sermonibus
434 2665 466 2723 et
481 2656 731 2744 cogitationibus,
747 2656 1006 2743 quemadmodum
1021 2657 1223 2724 ostendimus.

151 2765 180 2827 2.
205 2761 355 2826 Dicentes
379 2771 495 2838 autem,
522 2782 557 2825 se
586 2766 643 2826 ⁸ex
673 2761 783 2825 eadem
808 2759 1040 2826 circumlatione
1064 2783 1136 2825 eum
1158 2762 1239 2827 Jesu

84 2866 198 2932 habere
212 2865 344 2943 animas,
359 2873 392 2930 et
407 2865 524 2930 similes
538 2865 567 2930 ei
582 2887 660 2943 esse,
675 2864 842 2951 aliquando
856 2871 962 2929 autem
977 2871 1010 2929 et
1030 2864 1182 2944 meliores,
1198 2866 1239 2931 ad

84 2991 180 3056 opera
202 2968 364 3054 ⁹produoti
390 2990 460 3054 quae
485 2967 536 3033 illc
558 2968 599 3033 ad
623 2968 790 3033 utilitatem
816 2967 976 3031 hominum
999 2973 1032 3032 et
1057 2966 1239 3033 firmitatem

133 3166 142 3198 ¹
159 3183 184 3217 ar
204 3184 231 3216 as
251 3167 381 3216 elsewhere
398 3167 436 3215 lor
450 3183 493 3216 eos.
524 3167 575 3216 But
593 3167 635 3215 the
686 3167 736 3230 ing.
747 3166 1091 3230 shipbuildingmadgation,
1102 3166 1145 3216 dcc.
1165 3167 1238 3215 ΗΕΒ-

85 3252 214 3298 Aaunnnr.
225 3249 282 3299 MS.
296 3250 341 3298 has
351 3249 449 3299 edicere.
473 3250 634 3298 Thecnnmr.
687 3262 772 3309 uranu,
790 3266 818 3297 so
834 3250 902 3298 ot'ten
919 3250 1012 3314 quoted
1028 3250 1063 3314 by
1078 3249 1200 3309 Srrnarrr,
1217 3251 1239 3299 is

84 3346 148 3394 copy
158 3331 238 3379 ahewn
254 3346 270 3379 a
286 3331 454 3380 considerable
470 3331 561 3380 lacuna
571 3331 635 3379 from
686 3333 744 3380 here
760 3348 828 3380 more
844 3333 905 3380 than
921 3332 1054 3396 unusually
1065 3332 1236 3393 unfortunate,

80 3412 266 3476 priuasquidem
275 3420 444 3462 matutam-um
446 3413 635 3476 fabricationem
686 3430 743 3474 opo
762 3429 828 3462 amre
844 3414 926 3477 being,
948 3415 974 3462 in
992 3414 1030 3462 his
1048 3415 1157 3479 opinion,
1178 3417 1240 3476 ἔργα

83 3493 210 3544 inclusive.
687 3496 769 3557 ucpd!
800 3494 915 3544 Srrnunn
937 3495 1021 3544 allows
1044 3496 1094 3545 him
1112 3501 1140 3545 tc
1162 3497 1239 3561 speak

132 3574 144 3606 ¹
159 3577 302 3640 According
318 3582 346 3626 to
362 3577 405 3626 the
420 3577 524 3640 popular
534 3576 634 3624 distino·
687 3578 726 3626 lor
737 3578 837 3626 himself
845 3579 869 3626 in
882 3595 898 3625 a
908 3577 994 3641 longer
1005 3582 1063 3626 note
1078 3579 1140 3627 than
1153 3580 1239 3639 usual;

83 3659 136 3707 tion
148 3660 177 3708 oi
184 3660 227 3708 the
238 3667 297 3719 arta,
312 3661 355 3710 bc.
369 3661 423 3708 into
435 3659 578 3708 intellectae!
585 3659 635 3708 aud
687 3660 768 3708 which
779 3660 850 3708 alone
860 3661 946 3708 makes
957 3660 1000 3708 the
1011 3661 1093 3708 notice
1099 3676 1236 3724 necessary.

78 3741 201 3802 medical
217 3743 318 3791 sciense.
354 3742 492 3805 Anthon'ty
509 3742 530 3789 is
544 3742 636 3806 wholly
688 3741 809 3805 Compare
825 3758 849 3804 p.
865 3742 918 3802 383,
934 3757 958 3788 n.
969 3754 991 3801 3.

83 3822 108 3869 in
120 3822 210 3871 favour
221 3824 249 3871 ol
262 3831 441 3882 coiarunmntur,
454 3824 501 3872 but
511 3823 554 3871 the
565 3839 635 3871 senso
736 3819 747 3849 ⁶
763 3820 858 3881 rumori
872 3820 974 3877 atatdmrt,
992 3820 1164 3880 γυμναστικός.

82 3904 132 3951 and
152 3910 254 3953 context
273 3906 339 3953 alilre
358 3905 454 3968 require
468 3920 633 3953 consumman-
735 3901 962 3963 ἀύτοκατάκριτοι
973 3903 1045 3951 ὄντες.

81 3993 130 4046 rur,
144 3989 299 4036 retractaret.
735 3984 746 4017 ⁸
762 4000 790 4033 eu
803 3984 883 4033 endem
900 3983 1088 4044 circumlatione,
1102 3987 1128 4033 ἐκ
1142 3987 1185 4044 τῆς
1197 3989 1237 4034 αὐ-

130 4067 141 4099 ³
158 4069 188 4117 ab
199 4069 245 4118 leis.
274 4069 327 4118 Tho
338 4069 490 4118 translator's
501 4086 565 4134 copy
576 4085 634 4134 may
687 4070 730 4127 τῆς
742 4069 877 4130 περιφορᾶς,
892 4083 932 4115 sea
942 4083 983 4131 pp.
1000 4064 1052 4127 165,
1067 4080 1122 4127 204,
1137 4065 1191 4115 206.

80 4150 204 4199 harahad
218 4153 266 4200 ἀπὸ
280 4153 377 4211 τούτων,
391 4152 484 4215 ariaing
495 4159 541 4201 out
552 4153 580 4200 ol
594 4154 634 4200 ἐπὶ
735 4150 746 4182 ⁹
762 4152 807 4199 Ast
815 4150 953 4214 compulsos
962 4149 1044 4211 potius
1052 4148 1173 4210 Inter-prce
1183 4148 1236 4196 rod·

80 4236 181 4293 recreer,
195 4234 244 4282 buu
256 4234 361 4296 liudper.
685 4233 741 4281 dere
751 4231 866 4280 debuisset
877 4232 1045 4293 προηγμένους.
1064 4228 1166 4277 Gnarus.
1185 4228 1238 4278 But

130 4315 142 4346 ⁴
159 4319 203 4375 τὴν
219 4319 433 4377 ἐγκυκλοπαιδείαν
445 4320 567 4380 διαπερᾶν.
685 4316 728 4364 the
745 4315 891 4363 translation
913 4312 1032 4361 indicator
1051 4326 1067 4358 a
1084 4311 1238 4359 nominativa

131 4397 216 4461 lerpa
231 4408 400 4462 marcrmcant,
416 4403 455 4450 nal
472 4402 515 4451 τὰς
527 4403 633 4462 περὶθά·
686 4399 822 4463 participle,
846 4398 871 4445 in
893 4394 1034 4460 apposition
1055 4393 1116 4442 with
1136 4393 1239 4443 diemo

81 4483 178 4530 aww
199 4484 386 4542 σπουδαζούσας,
411 4484 457 4533 i.e.
481 4482 519 4532 llic
540 4490 591 4531 orta
609 4483 639 4545 os
686 4480 790 4528 andths
805 4478 901 4541 subject
914 4477 943 4525 ol
956 4473 1129 4533 tumtunm
1145 4474 1206 4524 nich
1221 4490 1240 4525 a

81 4560 206 4610 maritime
217 4561 268 4624 lise,
286 4563 366 4611 which
384 4579 425 4610 arc
441 4579 524 4626 many.
540 4580 567 4610 aa
579 4564 635 4611 fish·
687 4563 753 4610 word
771 4579 807 4609 we
822 4576 880 4624 may
894 4560 957 4607 have
971 4559 997 4606 in
1013 4558 1170 4621 ramulum.

184 4672 289 4717 voni.
1091 4646 1136 4711 24
