2954 4986
235 312 303 377 306
639 326 690 379 nn
719 324 988 378 urrrssrorvmns

101 502 193 587 erup.
234 479 338 564 aliquo
363 500 425 545 uno
452 482 610 544 ¹statuere
635 501 771 558 sensum,
795 487 827 544 et
852 501 892 544 ex
917 501 954 544 eo
976 479 1197 567 figurationem
1224 485 1384 554 ’factorem

76 562 218 684 Gi‘iiss'i'il'
236 581 396 647 confiteri?

111 701 126 728 Χ

128 690 181 727 vta

74 762 224 772 ----

701 804 800 869 ΟΑΡ.
824 803 931 868 XXI.

239 954 423 1046 Quoniam
441 983 519 1056 qna
536 956 637 1032 aeoliis
662 956 728 1056 qai
745 984 869 1033 saman
886 957 932 1032 ab
950 957 1130 1052 Ecclesia,
1152 959 1341 1059 imputant
1362 961 1388 1034 ii

312 1073 377 1173 qai
402 1088 484 1149 sarit
509 1102 534 1149 a
568 1074 767 1167 Valentino,
797 1074 871 1150 lllls
897 1102 1026 1150 narsus
1052 1075 1244 1177 lrttpntant
1267 1079 1309 1153 ln'
1332 1079 1389 1179 qai

311 1206 393 1266 sant
411 1219 436 1265 a
453 1191 635 1284 Basilldc,
656 1206 686 1266 ct
704 1192 778 1267 illia
795 1192 881 1268 ltcm
898 1192 977 1267 alil.

239 1363 268 1423 1.
302 1359 443 1424 Ersnru
467 1361 527 1426 hoc
546 1361 629 1446 quod
650 1362 807 1447 imputant
829 1360 921 1426 uobis
944 1360 997 1446 qui
1019 1369 1094 1427 sunt
1115 1384 1136 1427 a
1156 1362 1340 1444 Valentino,
1361 1364 1389 1429 in

237 1484 276 1527 ea
302 1485 372 1547 quae
398 1471 449 1528 est
473 1464 618 1529 deorsum
640 1463 834 1529 hebdomade
860 1464 1000 1529 diceutes
1029 1486 1087 1530 uos
1108 1487 1282 1544 remanere,
1305 1467 1388 1553 quasi

236 1587 299 1629 non
313 1564 492 1631 attollentes
509 1566 542 1630 iu
561 1566 660 1630 altum
682 1575 830 1645 mentem,
853 1588 954 1651 neque
975 1589 1045 1652 quae
1066 1589 1191 1632 sursum
1210 1578 1287 1634 sunt
1300 1571 1390 1636 senti·

236 1679 335 1749 entes,
351 1671 497 1755 quoniam
512 1671 786 1756 portentiloquium
800 1671 938 1757 ipsorum
953 1693 1016 1735 uon
1036 1671 1214 1758 recipimus,
1237 1673 1298 1740 hoc
1312 1675 1390 1740 idem

236 1771 338 1859 ipsum
353 1773 406 1858 qui
420 1795 440 1837 a
456 1772 592 1838 Basilide
606 1782 680 1837 sunt
694 1773 743 1838 his
758 1774 922 1860 imputant,
943 1774 1032 1859 quasi
1054 1775 1104 1839 his
1124 1776 1230 1842 adhuc
1252 1779 1337 1844 eirea
1356 1801 1390 1844 ea

237 1898 306 1962 quae
329 1876 473 1942 deorsum
498 1885 573 1941 suut
594 1877 805 1942 volutantibus
829 1878 989 1962 usquead
1012 1877 1144 1964 primam
1169 1888 1203 1944 et
1225 1883 1390 1946 secundum

236 1980 476 2057 aemulationem,
499 1987 532 2045 et
553 1989 625 2066 post
646 1979 775 2066 triginta
789 1981 916 2045 AEonas
939 1980 1064 2045 indocte
1078 1988 1189 2066 putare
1208 2005 1266 2048 eos
1287 1984 1391 2048 statim

235 2083 388 2148 iuvenisse
414 2105 485 2147 eum
500 2083 552 2168 qui
578 2104 672 2169 supra
696 2083 801 2147 omnia
823 2091 872 2148 est
896 2083 1035 2162 Patrem,
1067 2083 1146 2149 8non
1169 2085 1391 2175 investigantes

236 2207 331 2252 sensu
357 2185 445 2250 inid
476 2186 560 2270 quod
590 2194 756 2271 estsuper
782 2209 909 2249 cccrxv
930 2185 1027 2252 coelos
1057 2186 1213 2267 Pleroma,
1236 2189 1325 2274 ⁴quse
1346 2199 1392 2255 est

237 2311 331 2376 supra
345 2288 552 2376 quadraginta
571 2289 706 2373 quinque
721 2288 887 2374 ogdoadas.
935 2288 980 2353 Et
1000 2289 1061 2354 illis
1080 2289 1194 2355 iterum
1213 2292 1303 2377 juste
1325 2293 1391 2377 quis

238 2392 415 2479 imputabit,
444 2393 566 2479 fingens
595 2400 727 2477 quatuor
756 2391 853 2456 millia
881 2399 914 2456 et
944 2416 999 2456 ccc
1029 2400 1062 2458 et
1094 2416 1189 2457 uxxx
1220 2395 1320 2460 coelos
1347 2395 1392 2460 vel

239 2498 383 2562 AEonas:
407 2496 553 2581 quoniam
576 2495 609 2559 hi
632 2495 698 2560 dies
722 2494 795 2560 anni
818 2503 924 2560 tantas
945 2497 1038 2561 horas
1057 2496 1183 2561 habeut.
1230 2498 1266 2563 Si
1288 2508 1391 2565 autem

239 2600 309 2684 quis
332 2607 365 2663 et
391 2599 530 2663 noctium
554 2606 701 2684 apponat,
728 2597 889 2684 duplicans
914 2600 1083 2685 praedictas
1111 2599 1215 2680 horas,
1246 2623 1391 2690 magnam

239 2702 467 2766 multitudinem
489 2702 732 2780 octonationum,
755 2711 788 2767 et
805 2701 1058 2768 innumerabilem
1079 2705 1236 2790 quandam
1252 2708 1391 2771 AEounm

238 2804 458 2891 operositatem
489 2813 603 2890 putans
631 2804 835 2884 adinvenisse,
864 2805 1011 2872 adversus
1040 2830 1112 2872 eum
1141 2809 1194 2894 qui
1224 2817 1275 2874 est
1301 2832 1392 2896 super

238 2909 343 2974 omnia
358 2908 455 2973 Pater
475 2907 633 2972 ⁶omuium
647 2908 849 2994 semetipsum
863 2910 1079 2995 perfectiorem
1093 2911 1268 2996 suspicans,
1283 2914 1392 2978 eadem

237 3011 381 3078 omnibus
404 3010 585 3098 imputabit3
609 3010 755 3096 quoniam
784 3033 847 3076 non
873 3011 1030 3077 sufficiant
1056 3013 1089 3077 in
1106 3013 1305 3080 altitudinem
1326 3017 1393 3103 ejus

238 3138 307 3200 quae
322 3116 362 3180 ab
378 3114 445 3200 ipso
460 3115 621 3180 dicebatur
640 3114 806 3178 multitudo
829 3114 978 3180 coelorum
997 3116 1044 3181 vel
1060 3117 1225 3202 AEqonum3
1249 3119 1306 3182 sed
1320 3118 1393 3183 defi·

238 3219 357 3283 cientes
371 3217 418 3282 vel
433 3217 466 3281 iu
481 3240 519 3283 ea
534 3239 603 3302 quae
617 3225 691 3281 sunt
706 3217 860 3295 deorsum,
875 3218 923 3281 vel
939 3217 971 3281 iu
985 3218 1153 3284 medietate
1167 3231 1377 3305 perseverant.

305 3323 333 3384 2.
379 3319 459 3405 Ejus
479 3320 575 3406 igitur
597 3342 666 3404 quae
690 3327 738 3384 est
760 3319 930 3383 secundnm
950 3319 1087 3406 pleroma
1109 3320 1247 3406 ipsorum
1264 3322 1444 3408 dispositis

237 3420 342 3497 tionis,
372 3428 404 3484 et
433 3421 568 3483 maxime
590 3422 658 3506 ejus
685 3443 754 3505 quae
783 3428 833 3486 est
857 3421 1027 3486 secundum
1049 3423 1182 3508 primam
1208 3424 1392 3511 ogdoadem,

237 3530 342 3587 tantas
353 3521 611 3586 contradictiones
625 3530 658 3586 et
672 3522 794 3607 aporiae
809 3522 984 3602 “habentea
997 3524 1196 3610 inspiciamus
1210 3535 1243 3591 et
1258 3527 1391 3613 reliqua;

237 3633 364 3711 propter
377 3624 498 3688 illorum
513 3623 765 3704 insensatianem,
781 3633 813 3690 et
834 3648 892 3690 uos
911 3626 950 3690 de
966 3626 1016 3691 his
1036 3649 1106 3712 quse
1128 3649 1192 3692 non
1213 3638 1289 3694 sunt
1310 3653 1394 3714 quae·

238 3736 356 3804 rentes;
383 3727 556 3793 necessarie
585 3736 690 3792 autem
719 3737 752 3793 et
781 3729 840 3794 hoc
869 3729 1029 3808 facientes,
1059 3731 1207 3814 quoniam
1236 3732 1333 3820 hujus
1351 3731 1395 3797 rei

237 3830 356 3897 credita
379 3839 428 3896 est
453 3831 543 3896 nobis
565 3831 752 3918 procuratio,
778 3839 811 3897 et
835 3831 887 3917 qui
910 3833 1040 3899 velimus
1062 3856 1170 3900 omnes
1190 3835 1336 3901 homines
1357 3836 1397 3902 ad

287 4034 297 4066 ¹
317 4035 431 4095 Soanas,
459 4038 561 4099 ἐρείδειν,
590 4037 717 4101 BttL1u83
744 4040 790 4088 but
892 4039 903 4071 ⁸
919 4038 1049 4105 Habentes]
1066 4040 1212 4104 legendam,
1230 4042 1281 4091 nisi
1297 4058 1334 4092 nto
1345 4044 1400 4092 ani-

237 4118 334 4167 ἱστάναι
344 4119 385 4166 τὸν
396 4120 449 4165 νοῦν
459 4119 480 4166 is
491 4134 558 4165 more
569 4120 680 4169 obvious.
842 4122 979 4185 marsalla,
993 4124 1115 4174 habentis.
1134 4124 1203 4172 Duos
1211 4124 1275 4173 mim
1284 4127 1402 4188 amitinos

286 4196 298 4228 ⁸
314 4199 442 4248 Facta-nm
453 4198 583 4262 legendum
595 4201 713 4263 conjicio,
726 4202 791 4250 sicut
844 4204 935 4253 Gnaeos
946 4207 1035 4263 radim
1046 4206 1147 4264 ἐχούσης
1158 4205 1185 4253 in
1198 4204 1289 4254 Latino
1299 4207 1402 4257 rainae

231 4277 402 4341 ,lucrationcm
412 4296 493 4329 coram
504 4279 632 4341 quasacta
643 4289 706 4332 runt.
728 4282 777 4331 Gn.
842 4283 972 4345 Intaprnts'
979 4301 1096 4347 promove
1105 4284 1227 4347 placuisse
1232 4287 1335 4347 aidano,
1345 4305 1401 4337 cnm

286 4361 297 4393 ³
314 4365 359 4423 οὐχ
370 4364 496 4422 ἑπομένους
507 4360 543 4422 τῷ
554 4364 586 4422 νῷ
597 4364 638 4411 art
649 4364 677 4412 τὸ
839 4382 886 4428 per
910 4366 970 4414 dnos
991 4367 1113 4427 obhtitos,
1138 4367 1328 4430 Ea—hnbeute,
1348 4371 1402 4419 aad

286 4444 296 4474 ⁴
312 4445 329 4491 l.
342 4445 392 4506 qni,
407 4446 452 4494 ie.
465 4460 587 4493 namara.
842 4446 917 4495 dcacli
928 4456 1009 4500 essent.
1044 4449 1091 4498 Sed
1102 4456 1123 4498 ct
1139 4450 1240 4512 sumata
1258 4451 1327 4500 lectio
1344 4452 1401 4501 reti·

78 4432 129 4672 x
286 4524 296 4553 ⁶
314 4527 409 4575 πάντων
420 4527 669 4590 romanaerium.
842 4527 895 4576 acri
904 4535 987 4591 potat.
