2954 4986
239 329 305 398 278
497 340 734 395 unmoouuss
760 340 972 394 nunnunnu
998 341 1119 395 emur.

75 512 130 552 m·
141 512 169 596 ἕ·
182 510 226 549 ¹¹¹¹·
305 516 338 580 3.
385 514 435 579 De
449 512 593 600 passione
607 511 701 590 enim,
711 532 805 599 quum
818 511 886 576 sine
897 509 1111 597 complexione
1119 510 1267 598 conjugis
1276 531 1395 598 musam

89 604 215 705 ‘iiiii'ii'
240 637 311 682 eum
331 617 449 694 dieunt,
465 617 579 681 iterum
597 615 748 702 reliquam
769 613 946 679 universam
960 613 1044 679 velut
1061 614 1230 700 tragoediae
1248 614 1396 700 composi·

79 698 225 781 ..Q
240 720 359 785 tionem
373 721 569 785 affinxerunt.
598 719 632 785 Si
646 726 752 784 autem
766 717 961 804 impudorate
971 724 1004 782 et
1017 717 1153 804 reliqum
1161 717 1397 804 conjugationes

240 824 414 909 disjunctas
427 823 468 887 ab
482 823 614 888 invicem
629 821 764 887 dixerint
778 842 848 886 esse
868 829 1030 906 sepnmtas
1048 829 1177 907 propter
1197 820 1397 884 novissimam

158 912 161 917 ¹
242 924 502 1012 conjugationem,
513 925 560 989 uti
569 946 633 989 non
641 924 779 990 solvatur
789 923 911 987 illorum
920 922 1144 1009 vaniloquium
1159 922 1263 1008 primo
1275 922 1397 1008 quidem

242 1026 425 1112 impossibili
437 1027 586 1091 insistunt
600 1025 656 1092 rei.
693 1025 961 1108 Quemadmodum
975 1024 1059 1089 enim
1073 1026 1268 1110 separabunt
1285 1024 1398 1109 Propo·

242 1137 341 1194 torem
360 1130 401 1194 ab
416 1129 542 1193 Ennoea
559 1130 638 1216 ejus,
653 1137 709 1193 sut
730 1128 805 1192 Nun
822 1129 863 1193 sb
878 1127 1016 1206 Alethia,
1032 1135 1088 1191 aut
1104 1128 1215 1214 Logon
1234 1147 1256 1190 s
1277 1127 1355 1204 Zoe,
1368 1134 1399 1192 et

242 1232 377 1318 reliquos
402 1232 563 1296 similiter?
600 1232 870 1313 Quemadmodum
898 1239 1060 1296 autemut
1089 1229 1149 1316 ipsi
1175 1230 1216 1294 ad
1246 1230 1396 1294 unitatem

242 1354 399 1399 recurrere
421 1334 539 1413 dieunt,
555 1343 588 1399 et
609 1355 718 1399 omnes
740 1355 837 1398 uuum
858 1354 937 1410 esse,
959 1332 987 1398 si
1005 1332 1130 1420 quidem
1153 1332 1216 1410 hae,
1232 1354 1306 1419 quae
1327 1339 1398 1396 sunt

243 1436 327 1501 intro
356 1437 502 1502 Pleroma
527 1436 763 1524 conjugationes
786 1435 942 1501 unitatem
967 1456 1031 1500 non
1054 1435 1247 1513 custodiunt,
1274 1435 1331 1500 sed
1356 1433 1397 1498 di·

242 1547 364 1605 stsntes
385 1546 459 1605 sunt
479 1540 521 1604 ab
542 1539 685 1617 invicem,
700 1538 733 1602 in
749 1546 873 1604 tantum
892 1538 940 1604 uti
960 1547 993 1604 et
1012 1539 1182 1624 patiantur,
1198 1547 1233 1605 et
1250 1546 1398 1625 generent

243 1642 311 1710 siue
324 1643 451 1709 ulterius
465 1641 638 1729 complexu,
654 1643 915 1730 quemadmodum
928 1642 1053 1731 gulinae
1066 1643 1134 1709 sine
1148 1643 1345 1730 osponibost

705 1892 806 1963 oAP.
829 1892 933 1959 XIV.

246 2033 433 2127 Quoniam
458 2033 499 2109 in
525 2032 650 2110 eodem
672 2034 884 2111 Pleromate
906 2060 979 2110 ooo
997 2047 1147 2135 poterat
1182 2033 1343 2111 Verbum
1368 2048 1397 2111 et

671 2151 869 2228 Silentium
893 2178 973 2228 esre.

310 2305 340 2367 1.
386 2301 475 2367 Posu
499 2301 625 2366 demum
651 2300 752 2367 etsie
779 2301 917 2368 solvetur
940 2301 1063 2368 illorum
1090 2326 1215 2371 rursum
1241 2308 1346 2394 prims
1368 2316 1458 2374 etun

242 2403 435 2492 srohegonos
456 2403 584 2491 ogdoas.
630 2403 734 2469 Erunt
747 2404 831 2468 enim
849 2405 1024 2491 specialiter
1036 2406 1069 2471 in
1089 2408 1200 2474 eodem
1221 2411 1398 2478 Pleromate

244 2506 368 2593 Bythos
389 2515 422 2573 et
447 2507 530 2594 sige,
556 2507 625 2572 Nus
648 2514 681 2572 et
705 2506 844 2584 Alethia,
868 2508 973 2597 Logos
996 2518 1030 2575 et
1054 2511 1131 2589 Zoe,
1157 2512 1346 2601 Anthropos
1368 2523 1398 2580 et

245 2609 398 2675 Ecclesia.
444 2609 639 2696 Impossibile
654 2618 702 2674 est
715 2618 821 2674 autem
838 2610 927 2699 Logo
948 2621 1102 2698 praesente
1126 2613 1226 2701 Sigen
1242 2637 1325 2696 esse,
1346 2624 1398 2683 aut

243 2711 356 2776 iterum
372 2712 447 2798 Sige
466 2722 620 2798 praesente
641 2712 752 2800 Logon
773 2714 906 2780 ostendi.
944 2713 1026 2781 Haeo
1043 2715 1126 2782 enim
1148 2720 1399 2806 consumptibilis

242 2822 317 2879 sunt
331 2812 471 2892 invicem,
487 2814 748 2900 quemadmodum
761 2816 867 2882 lumen
888 2825 921 2883 et
942 2820 1080 2885 tenebrae
1101 2820 1134 2886 in
1156 2822 1268 2888 eodem
1286 2846 1398 2912 nequa-

243 2939 336 3006 quam
361 2924 472 2993 erunt;
498 2917 554 2982 sed
579 2916 605 2982 si
632 2918 758 3003 quidem
783 2919 888 2985 lumen
910 2921 963 3000 sit,
986 2932 1145 2988 non’sunt
1164 2927 1323 2992 tenebrae:
1347 2927 1397 2993 ubi

242 3027 348 3086 sutem
360 3022 497 3086 tenebrae
511 3029 595 3100 sunt,
604 3042 668 3085 non
682 3021 742 3085 erit
756 3021 880 3088 lumen:
894 3024 1036 3090 veniente
1050 3026 1134 3091 enim
1147 3025 1276 3107 lumine,
1288 3029 1398 3095 solutae

242 3133 317 3188 sunt
338 3125 486 3190 tenebrae.
531 3123 584 3189 Sio
605 3123 659 3189 ubi
678 3132 728 3190 est
743 3124 828 3213 Sige,
844 3148 907 3192 non
927 3129 988 3193 erit
1003 3128 1128 3216 Logos;
1152 3137 1185 3195 et
1202 3131 1256 3196 ubi
1282 3131 1397 3220 Logos‚

243 3247 307 3290 non
331 3227 437 3314 utique
458 3233 507 3290 est
531 3225 615 3314 Sige.
661 3225 713 3291 ¹Si
741 3238 848 3293 autem
873 3229 1075 3296 eudiotheton
1105 3231 1217 3320 Logon
1246 3234 1396 3312 dixerint,

243 3327 440 3392 endiethetos
465 3328 524 3393 erit
552 3337 585 3393 et
606 3327 700 3416 Sige;
724 3337 757 3395 et
777 3330 976 3397 nihilominus
997 3332 1133 3398 solvetur
1152 3335 1193 3399 ab
1217 3336 1399 3402 endistheto

244 3425 344 3512 Logo.
391 3428 545 3509 Quoniam
568 3438 675 3493 autem
698 3435 777 3496 ²nou
792 3440 841 3498 est
856 3432 1064 3514 endiathetos,
1079 3435 1147 3522 ipso
1161 3436 1231 3503 haeo
1245 3439 1399 3505 ordinatio

243 3527 380 3614 ipsomm
400 3529 576 3595 emissionis
589 3530 753 3619 significet.
798 3533 875 3600 Jsm
889 3534 984 3623 igitur
1003 3559 1066 3602 non
1089 3538 1196 3604 dicant
1214 3539 1348 3626 primam
1366 3549 1462 3606 etun

293 3714 303 3748 ¹
324 3717 470 3780 Ἐνδςοθότῳ
489 3717 558 3781 λόγῳ
577 3718 655 3769 Gitoni
673 3727 799 3784 opponenti
845 3721 914 3774 οὗτός
932 3724 999 3774 &ow
1015 3725 1028 3774 ό
1046 3729 1196 3790 emmor,
1218 3728 1295 3790 σοόὶο
1315 3731 1341 3780 δὲ
1360 3733 1400 3779 καὶ

244 3801 396 3861 τροφορικόν,
417 3800 461 3850 too
478 3807 517 3861 est,
537 3807 565 3850 ut
586 3817 606 3852 o.
622 3814 668 3853 xv.
683 3817 704 3864 s,
729 3804 798 3853 vertit
844 3807 982 3867 χρηστότης
1006 3809 1166 3870 φανερωτάτη
1186 3812 1231 3858 τοῦ
1253 3812 1323 3861 Θεοῦ.
1368 3812 1400 3860 m

242 3878 798 3950 tneipm‚enioit·tet’eroom:vetmooptu
846 3886 954 3950 0eroe
979 3888 1216 3953 Hieronpotamon
1240 3891 1336 3947 Gotxd.
1358 3906 1396 3945 lv.

243 3973 284 4027 49,
303 3961 437 4011 musmo
453 3962 567 4014 Verbum:
590 3965 627 4014 vel
643 3965 752 4030 deniqne
770 3974 797 4016 ut
843 3968 1062 4021 meminentes-um:
1085 3973 1185 4021 νόστους
1206 3973 1246 4022 ότι
1268 3976 1320 4026 ἑνός
1338 3977 1400 4026 θεοῦ

242 4043 320 4107 coptu
331 4055 385 4092 m.
398 4060 422 4104 4,
437 4044 595 4107 pietativum,
610 4048 652 4097 dte.
677 4048 751 4099 Bnm.
843 4053 973 4114 μονογενὴς
991 4053 1023 4103 εἷς
1041 4054 1108 4103 ἐστιν
1123 4055 1170 4104 υἱός
1182 4057 1229 4117 πρὸ
1240 4057 1341 4106 πόντων
1351 4060 1400 4107 τῶν

291 4123 376 4174 ⁸Non
392 4132 423 4174 est
438 4125 590 4176 musteo.
624 4128 796 4194 Hoerretioiipi·
844 4134 936 4182 αἰώνων
954 4134 1013 4185 θεός
1029 4135 1110 4196 λόγος,
1131 4138 1160 4184 od
1174 4142 1353 4201 νροφορηςικός
1368 4142 1400 4191 εἰς

242 4208 405 4271 torfietitium
417 4223 489 4257 ouum
503 4210 578 4271 λόγον
591 4217 724 4261 statuerunt
739 4232 795 4276 προ·
844 4217 903 4279 depo
914 4218 1072 4278 διαχεόμενος,
1091 4220 1146 4268 οὐδὲ
1161 4221 1245 4280 λόγοις
1262 4223 1398 4273 ἀνυποστό-

243 4293 347 4353 popone,
360 4290 401 4340 eod
413 4290 529 4341 esteten·
543 4291 573 4341 (ie
585 4308 638 4342 vem
651 4295 718 4357 λόγῳ
729 4295 797 4345 Filio
842 4315 892 4348 τοις
901 4300 1081 4359 ἐξομοιούμενος.
1095 4301 1146 4350 Gn.
1164 4301 1301 4366 Thebopos
1307 4305 1400 4354 Euclio·

243 4371 470 4423 Boeotos-atione
479 4381 607 4436 moon.
637 4374 678 4425 Sic
691 4375 797 4428 comen
842 4378 913 4429 uae·
934 4381 1032 4447 sxaotly
1050 4397 1177 4447 expresses
1195 4384 1240 4434 the
1257 4385 1400 4437 Phtonism

243 4453 430 4505 Amouda-tom
447 4455 489 4506 uo.
509 4466 535 4506 v,
559 4455 671 4507 &most
686 4473 714 4521 p.
736 4470 792 4522 547,
842 4460 871 4510 of
879 4461 974 4522 Pinio,
991 4478 1031 4512 ςοο
1041 4469 1100 4512 noto
1112 4478 1135 4526 ο,
1150 4480 1176 4529 p.
1187 4463 1244 4527 266,
1258 4468 1306 4517 bot
1316 4469 1367 4518 this
1378 4470 1400 4518 ἰς

244 4533 257 4582 ό
274 4537 322 4597 γόῳ
343 4539 495 4601 τοῦπατρὸς
513 4539 561 4587 τῶν
582 4541 644 4588 ὅλων
660 4540 734 4602 λόγος
750 4543 796 4603 οὐχ
840 4543 885 4593 tuo
896 4544 994 4595 earliest
1003 4546 1198 4610 peut-uentus·
1209 4547 1376 4602 oteheim.
