2954 4986
91 549 144 588 un.
153 548 171 586 1.
180 549 194 586 l.
202 550 220 586 ⁴.

94 596 139 633 ott
151 595 167 632 1.
178 595 191 632 l.
199 597 218 632 4.

81 640 157 679 MSS.
165 642 181 679 1.
188 641 230 679 ite

242 357 287 422 22
626 371 799 425 sr1n1ros
824 371 1001 424 sencrns.

243 533 448 630 μορφώσειυς
465 528 508 601 τδ
519 528 740 612 καταληπτὸν
760 529 870 612 aeret,
883 531 911 618 pt
925 527 963 610 δὴ
980 526 1065 605 Ῑυίὸς
1083 528 1171 599 ε’στί.
1199 529 1270 600 Καί
1288 535 1399 601 ταῦτα

242 643 302 728 μὲν
322 647 340 715 ὁ
361 643 439 742 ἅρτι
462 642 670 740 προβληθεὶς
697 640 855 739 Χριστὸς
874 644 906 712 ε’ν
927 643 1038 718 αδτοῖς
1061 640 1313 741 ἐδημιούργησε.
1344 641 1398 713 Τδ

243 755 279 827 δὲ
304 756 341 826 ἓν
372 756 508 838 Πνεῦμα
530 752 574 825 τδ
600 753 698 844 ἅγιον
722 754 957 848 2ἐξισωθέντος
983 754 1098 831 αι’ντοδς
1117 752 1247 830 πάντας
1268 756 1398 853 εὔχαρι.

243 881 337 940 στεῑν
363 866 499 961 ἐδίδαξε,
524 867 578 937 καί
603 868 663 949 τὴν
687 867 841 948 άληθινῆν
866 864 1050 937 ἀνάπαυσιν
1079 871 1236 958 ἡγήσατο
1266 863 1309 972 [l.
1331 871 1398 939 είσ-

244 975 431 1084 ηγήσατο].
471 979 587 1056 Οὕτως
611 1010 651 1049 πε
671 982 791 1077 μορφῇ
820 978 874 1049 καί
902 981 1013 1073 γνώμη
1031 981 1123 1056 ’ίσους
1141 985 1395 1061 κατασταθῆναι

242 1093 320 1170 τοὺς
338 1093 469 1168 Αίῶνας
494 1093 644 1183 λέγουσι,
667 1088 797 1167 πάντας
828 1093 1019 1182 γενομένους
1049 1091 1154 1175 Νάας,
1186 1093 1240 1162 καὶ
1268 1091 1396 1169 πάντας

243 1203 388 1296 Λόγους,
418 1204 470 1273 καί
502 1201 629 1280 πάντας
658 1203 879 1302 Ἀνθρώπους,
903 1204 957 1274 καί
983 1205 1110 1280 πάντας
1132 1204 1318 1303 Χριστοιίς·
1343 1205 1395 1275 καί

242 1316 303 1393 τάς
333 1317 462 1398 θηλείας
495 1317 612 1399 ὁμοίως
637 1313 749 1392 πάσας
777 1316 962 1399 Ἀληθείας,
993 1317 1046 1387 καί
1077 1315 1187 1393 πάσας
1212 1315 1315 1402 Ζωᾶς,
1342 1317 1394 1387 καί

241 1429 456 1512 3Πνειίματα,
482 1429 535 1498 καί
562 1428 772 1510 Ἑκκλησίας.
820 1428 1056 1528 Στηριχθὲντα
1077 1427 1112 1499 δὲ
1135 1429 1190 1500 ε’πί
1217 1431 1329 1520 τοίιτῳ
1351 1427 1394 1500 τά

242 1543 317 1624 ὅλα,
341 1540 394 1612 καί
418 1537 674 1625 ἇναπαυσάμενα
700 1541 829 1625 τελέως,
858 1539 945 1625 μετὰ
972 1539 1121 1633 μεγάλης
1154 1545 1263 1641 χαρᾶς
1293 1550 1396 1642 φησιν

242 1740 523 1827 comprehensibile
539 1740 617 1826 ejus,
638 1741 722 1825 qnod
743 1739 870 1826 quidem
895 1739 978 1804 filius
1000 1745 1060 1804 est.
1101 1739 1147 1804 Et
1173 1739 1242 1804 haec
1268 1740 1395 1825 quidem

242 1841 295 1927 qni
313 1863 396 1906 nune
413 1840 543 1905 emissus
561 1849 632 1904 eret
643 1840 790 1906 Christus
804 1840 836 1902 in
854 1840 899 1904 eis
914 1849 1064 1925 operatus
1081 1848 1140 1904 est.
1167 1839 1305 1924 Spiritus
1322 1861 1395 1903 vero

240 1949 369 2005 sanetus
394 1940 578 2025 adaequatos
603 1962 657 2004 eos
682 1961 790 2004 omnes
815 1938 937 2024 gratiae
961 1960 1057 2026 cgere
1082 1938 1200 2016 docuit,
1227 1948 1263 2004 et
1289 1961 1394 2002 veram

240 2041 382 2124 requiem
400 2039 535 2104 induxit.
564 2038 609 2103 Et
626 2039 671 2102 sio
688 2041 791 2103 forme
804 2048 839 2103 et
855 2039 1016 2103 sententio
1032 2039 1148 2103 similes
1159 2039 1262 2103 lectos
1274 2039 1396 2103 AEonas

241 2139 361 2216 dieunt,
380 2137 541 2203 universos
564 2140 666 2203 lectos
692 2138 784 2203 Noas
809 2146 843 2202 et
871 2137 988 2224 Logos,
1006 2146 1041 2202 et
1064 2160 1173 2202 omnes
1196 2137 1395 2223 Anthropcs‚

241 2247 275 2302 et
304 2261 413 2303 omnes
442 2237 604 2304 Christos:
633 2247 666 2303 et
697 2238 841 2303 loemincs
870 2237 1015 2303 similiter
1041 2260 1151 2302 omnes
1177 2237 1334 2308 Alethiae
1363 2246 1396 2301 et

241 2339 332 2415 Zone,
362 2345 397 2403 et
427 2337 573 2422 Spiritus,
604 2345 638 2404 et
671 2337 840 2402 Ecclesiae.
894 2337 1092 2403 Confirmata
1123 2359 1248 2423 quoqne
1277 2338 1310 2401 in
1337 2337 1396 2401 hoc

240 2439 355 2508 omnin,
374 2447 407 2503 et
425 2438 654 2523 requiescentia
670 2439 711 2503 ad
727 2439 913 2524 perlectum,
926 2459 998 2501 cnm
1015 2459 1132 2523 magno
1148 2437 1268 2524 gaudio
1285 2438 1396 2502 dicunt

239 2627 358 2689 siquidem
383 2626 601 2689 impprehemibde
629 2627 686 2688 ηἰιν,
709 2642 793 2688 perpe·
842 2625 961 2689 operiect
978 2626 1122 2690 knowledge
1140 2626 1168 2674 of
1180 2627 1219 2675 his
1237 2643 1294 2675 own
1312 2627 1392 2690 being,

240 2708 333 2756 ιιιιῖαἰίς
349 2716 380 2756 ενι
398 2723 490 2763 οαιιςα,·
509 2707 794 2770 apprehensibilem
841 2713 889 2771 put
899 2709 974 2769 forth,
991 2709 1022 2758 ὡς
1036 2707 1066 2756 ἂν
1081 2710 1165 2758 ἑαυτὸν
1179 2709 1289 2770 ἐγνωκὼς
1304 2711 1396 2768 πνεῦμα

239 2805 289 2837 που
296 2788 463 2850 perpetuitate
473 2790 515 2837 sed
524 2788 658 2837 υαιίυἰιαὶιζν
668 2795 689 2836 et
699 2787 794 2850 somo·
841 2791 952 2850 γνώσεως
971 2792 1042 2849 οὔσης
1064 2791 1089 2838 ἐν
1106 2792 1196 2850 γνώσει
1214 2792 1338 2854 προέβαλε
1355 2793 1396 2839 τὸν

239 2870 794 2933 tionieegentiomperpetuitctie.l²iliemaotem
842 2872 975 2932 Μονογενῆ.
995 2870 1042 2933 57.
1078 2872 1131 2920 But
1147 2872 1192 2920 the
1210 2872 1305 2920 Fethcr
1323 2873 1345 2920 is
1361 2873 1395 2920 in·

239 2952 383 3001 constituunt
393 2951 606 3014 apprehensibilem
618 2951 709 3000 Patrio.
841 2953 1056 3016 comprehensible,
1076 2953 1126 3001 end
1148 2954 1190 3002 the
1208 2954 1353 3018 knowledge
1370 2955 1398 3002 ol'

289 3032 299 3065 ¹
315 3035 368 3083 'I'he
382 3035 536 3093 translation,
551 3033 730 3090 Tnnrnnnlkn,
743 3031 794 3079 end
841 3034 892 3083 this
903 3034 1003 3083 ceonred
1014 3040 1040 3083 to
1051 3036 1095 3084 the
1103 3034 1219 3083 AEonsol
1225 3037 1269 3084 the
1281 3036 1396 3085 Pleroma

239 3118 282 3166 the
300 3118 401 3166 Didone.
417 3117 458 3167 Or.
472 3117 505 3165 nll
516 3118 623 3166 indicate
638 3117 680 3165 the
691 3115 794 3178 reading
841 3116 907 3164 their
931 3116 1066 3164 continued
1092 3117 1252 3176 scheistence,
1278 3118 1329 3165 ond
1353 3119 1395 3165 the

240 3200 287 3248 υἱὸς
296 3199 391 3247 instend
398 3199 426 3246 ol
435 3201 492 3258 teos,
502 3215 530 3247 αις
538 3197 636 3261 printed
647 3198 681 3261 by
690 3197 792 3256 Gssknn,
841 3213 908 3244 same
920 3196 1071 3261 knowledge,
1085 3213 1113 3245 es
1124 3214 1139 3245 n
1149 3199 1293 3261 generetive
1303 3199 1392 3257 virtue,

239 3280 376 3339 Mesenen,
386 3280 435 3327 and
443 3280 557 3328 Sr1nnnn
567 3297 574 3338 ;
585 3280 661 3327 ithae
672 3279 793 3327 therefore
841 3280 967 3330 eonferred
985 3297 1053 3346 upon
1069 3280 1224 3344 Monogenes
1240 3283 1280 3330 his
1302 3284 1395 3343 γένεσις

238 3360 300 3408 been
312 3361 423 3423 replaced
435 3361 511 3408 inthe
519 3366 580 3408 text.
598 3360 793 3408 Tnnrcnmen's
842 3365 882 3412 και
892 3365 1021 3425 pepercere.

238 3440 319 3488 words
331 3457 372 3488 are
383 3446 410 3488 et
421 3442 463 3488 the
475 3441 523 3488 end
535 3441 564 3487 of
576 3441 619 3487 the
630 3446 688 3488 note
699 3441 791 3498 ebove3
890 3444 960 3495 ²220.
980 3446 1104 3510 equalised
1120 3446 1146 3493 in
1162 3445 1206 3494 the
1220 3461 1277 3510 wey
1292 3446 1349 3494 that
1363 3447 1394 3494 he

239 3521 321 3570 θωνα.
331 3524 380 3571 An.
389 3539 446 3586 says
458 3522 484 3569 in
491 3523 534 3570 the
546 3521 607 3570 Did.
619 3522 659 3570 Or.
670 3524 793 3584 προελθών
841 3528 956 3591 proceeds
973 3533 999 3576 to
1016 3528 1131 3587 describe,
1153 3528 1203 3576 end
1218 3528 1352 3591 according
1367 3533 1394 3576 to

240 3604 337 3663 γνῶσις,
347 3605 471 3651 τουτέστιν
483 3604 495 3652 ὁ
508 3605 554 3652 υίὸς
565 3605 602 3651 ὅτι
615 3603 644 3651 δι’
657 3605 707 3650 υἱοῦ
719 3604 731 3652 ὁ
743 3605 793 3651 Πα·
840 3607 1018 3664 Tnn'rntnlffl,
1040 3605 1125 3655 Omna
1138 3605 1225 3668 foma
1243 3613 1265 3654 et
1280 3606 1394 3654 moeniti

239 3686 285 3746 τὴρ
303 3686 428 3744 ἐγνώσθη·
445 3685 495 3732 end
514 3685 595 3748 egein,
615 3685 628 3733 d
648 3686 691 3743 μὲν
713 3687 792 3743 μείνας
836 3693 1016 3749 pertententur,
1039 3686 1106 3748 faeti
1128 3701 1208 3733 omme
1230 3685 1295 3747 qood
1319 3702 1392 3733 ιιιιιιι-

238 3769 367 3828 μονογενὴς
380 3769 425 3817 υίὸς
438 3770 469 3817 εἰς
480 3770 522 3817 τὸν
536 3770 626 3817 κόλπον
637 3770 680 3816 τοῦ
696 3770 792 3829 Πατρός
840 3767 1029 3829 φαντασμάτια
1039 3766 1118 3826 aliud,
1131 3765 1190 3827 ουία
1201 3766 1271 3814 ater.
1309 3766 1395 3815 Omne

238 3849 283 3906 τὴν
295 3849 421 3905 ἐνθύμησιν
432 3849 471 3896 διὰ
486 3851 529 3908 τῆς
543 3851 654 3909 γνώσεως
670 3851 791 3909 ἐξηγεῖται
839 3848 1007 3911 refunduntur
1017 3849 1045 3896 in
1057 3849 1125 3906 Νοῦς,
1139 3847 1166 3893 in
1177 3845 1307 3906 Scrtnonee,
1316 3862 1395 3894 υνιαον

238 3930 287 3978 τοῖς
305 3931 396 3988 αἰῶσιν,
417 3930 447 3978 ὡς
465 3931 494 3977 ἂν
512 3931 551 3978 καί
575 3931 620 3978 ὑπὸ
638 3932 681 3978 τοῦ
700 3933 791 3978 κόλπου
839 3933 867 3978 in
889 3931 1012 3988 Homines,
1037 3929 1063 3978 in
1086 3928 1195 3977 Platae
1218 3944 1240 3977 c.
1265 3942 1302 3976 ιι.
1342 3929 1395 3976 'Ihe

239 4012 471 4072 αὐτοῦπροβληθείς.
486 4010 536 4072 §.p
554 4012 645 4074 Again,
658 4014 791 4074 Πρόσωπον
840 4011 955 4059 Pleroma
984 4027 1035 4058 waes
1066 4008 1192 4072 evidently
1221 4007 1341 4055 intended
1368 4014 1395 4056 to

237 4092 332 4152 Πατρὸς
345 4091 358 4138 d
370 4092 422 4148 υίὸς,
432 4090 465 4138 δι’
477 4088 504 4138 οὗ
515 4093 653 4153 γνωρίζεται
665 4093 678 4140 d
689 4094 788 4154 Πατήρι
838 4094 921 4156 typify
932 4093 974 4141 the
989 4091 1148 4156 multiplicity
1163 4090 1192 4138 cf
1207 4090 1300 4138 Divine
1315 4091 1394 4139 Attri-

236 4173 318 4236 egcin,
333 4173 404 4232 Τάχα
417 4173 442 4220 δὲ
454 4174 481 4220 τὸ
494 4172 622 4234 πρόσωπόν
633 4175 685 4221 ἐστι
695 4175 739 4230 μὲν
750 4176 790 4222 καὶ
838 4175 911 4224 butes
922 4174 972 4223 nnd
987 4174 1140 4222 Perfeetions
1156 4173 1182 4220 in
1199 4172 1273 4236 unity
1289 4173 1319 4221 of
1336 4174 1393 4221 sub·

237 4255 316 4304 dvlds.
336 4256 389 4302 ἔστι
405 4256 437 4314 δὲ,
453 4256 493 4303 καὶ
507 4256 732 4313 ὅσονιιαταληττὸν
746 4258 790 4304 τοῦ
838 4262 930 4306 denec.
966 4258 1016 4304 'Phe
1032 4255 1135 4304 Didae.
1150 4254 1191 4305 Or.
1205 4256 1394 4318 cxpressesthis

237 4338 333 4399 Πατρδς
344 4335 374 4384 δι’
387 4337 436 4383 vlo&
447 4337 609 4397 δεδιδαγμένοι
620 4337 743 4397 θεωροῦσι·
760 4339 790 4385 τὸ
837 4341 888 4389 still
910 4356 978 4389 more
1000 4339 1098 4403 clearly,
1118 4339 1163 4387 Ἐν
1185 4342 1332 4400 πληρώματι
1354 4343 1394 4388 οὖν

237 4419 264 4467 δὲ
285 4421 370 4468 λοιπὸν
393 4420 518 4480 ώγνωστόν
540 4420 592 4467 ἐστι
618 4420 662 4466 τοῦ
683 4419 786 4480 Πατρός,
838 4423 1036 4482 &depromam
1051 4423 1152 4470 ἕκαστος
1167 4422 1215 4469 τῶν
1230 4423 1321 4469 αἰώνων
1335 4424 1394 4470 Otos

237 4500 391 4567 Monogenes
414 4503 466 4552 elso
485 4519 535 4552 was
562 4503 605 4552 the
628 4519 689 4567 very
717 4502 789 4566 spirit
838 4507 889 4566 ἔχει
901 4507 1026 4568 πλήρωμα,
1041 4507 1086 4565 τὴν
1096 4505 1216 4566 συζυγίαν.
1247 4506 1308 4566 §3²-

236 4582 266 4632 οἱ
272 4582 425 4650 knowledge,
439 4586 522 4636 whom
533 4586 577 4636 the
584 4585 685 4646 Fether,
695 4585 789 4648 having
885 4584 897 4618 ⁸
914 4585 965 4645 mn
974 4584 1050 4651 being
1060 4603 1076 4635 α
1085 4586 1203 4636 feminine
1214 4600 1291 4634 noun.
