2954 4986
76 522 130 563 Lm
138 523 154 561 l.
160 521 203 561 stit.
210 524 229 561 3.

79 569 230 655 titire..

147 662 165 698 2.

241 333 307 397 134
719 345 907 398 RATIONES

243 505 327 578 idiov
352 503 535 604 ίκφάνησιν
563 505 694 596 ἕκβοᾷν,
722 501 775 575 tei
809 501 854 576 τὸ
885 503 929 587 μή
961 501 1119 574 δύνασθαι
1150 501 1208 572 ἕνα
1241 499 1287 572 τὸ
1319 500 1403 571 ὅλον

244 620 406 718 ἕκφανιῖν.

323 752 357 820 4.
404 729 526 801 Ταῦτα
552 727 587 800 δὲ
611 729 851 828 σαφηνίσασαν
873 728 962 817 αὐτῷ
990 727 1051 809 τήν
1077 725 1265 825 τετρακτὺν
1288 727 1400 796 εἰπεῖν·

245 843 353 914 ιθὲλιο
381 840 416 914 de'
448 873 504 913 σοι
540 843 594 912 καί
626 842 725 924 αὑτήν
755 837 914 934 ἐπιδεῖξαι
942 840 1004 922 τήν
1030 837 1223 922 Ἀλήθειαν.
1283 836 1402 918 Κατή-

246 983 361 1048 γαγον
389 952 459 1054 γὰρ
488 955 588 1037 αι’ντήν
614 954 648 1024 ἐκ
673 959 740 1026 τῶν
761 949 900 1052 ὕπερθεν
918 949 1084 1036 δωμάτιον,
1107 952 1148 1022 ἵν’
1164 948 1274 1044 ἕσίάῃς
1301 949 1401 1030 αὑτήν

246 1067 378 1159 γυμνήν,
404 1067 458 1137 καί
494 1065 700 1150 καταμάθοις
725 1061 795 1172 [H.
825 1057 1037 1168 καταμάθῃς]
1067 1061 1110 1135 τά
1135 1063 1265 1139 κάλλος
1293 1063 1399 1143 αὐτῆς·

246 1177 338 1250 ἆλλᾶ
360 1178 415 1249 καί
442 1179 580 1272 ἀκούσῃς
601 1179 699 1260 αι’κτής
723 1179 899 1262 λαλούσης,
918 1177 972 1248 καί
991 1177 1160 1270 θαυμάσῃς
1179 1173 1223 1247 τὸ
1242 1175 1400 1274 φρόνημα

1413 524 1473 655 ii

247 1292 354 1372 αὐτῆς.
394 1289 488 1388 Ὅρα
518 1288 573 1361 οὖν
599 1291 751 1390 κεφαλήν
779 1289 851 1376 ἅνω,
880 1287 923 1361 τὸ
949 1289 1048 1388 άλφα
1073 1289 1128 1359 καί
1150 1285 1194 1360 τί)
1211 1319 1245 1372 ω,
1268 1283 1339 1393 [H.
1357 1284 1461 1360 τίναιι

248 1407 385 1502 πρῶτον
403 1399 503 1502 άλφα
527 1396 571 1506 cr]
597 1404 773 1502 τράχηλον
798 1400 833 1474 δὲ
857 1403 885 1490 β
913 1401 966 1473 καί
996 1399 1041 1495 φ,
1070 1400 1174 1485 ὤμους
1200 1399 1273 1484 ἅμα
1301 1398 1400 1498 χερσί

249 1514 345 1607 γκαί
369 1545 402 1610 χ,
431 1518 539 1597 στήθη
561 1513 580 1585 d
604 1516 658 1586 καί
688 1521 726 1614 φ,
757 1512 960 1614 διάφραγμα
986 1509 1057 1619 [Η.
1077 1505 1247 1617 φράγμα]
1270 1513 1358 1583 croi
1375 1543 1400 1594 ν,

250 1631 352 1698 νῶτον
382 1622 453 1731 [H.
473 1621 620 1731 κοιλίαν]
649 1626 675 1728 ζ
697 1627 751 1698 καί
780 1660 812 1712 τ,
841 1628 970 1698 κοιλίαν
1000 1622 1071 1731 [Η.
1091 1621 1221 1730 αι’άοῖα]
1244 1657 1263 1707 η
1288 1624 1344 1694 καί
1370 1655 1401 1706 σ,

248 1739 369 1837 μηροὺς
392 1742 414 1809 θ
437 1739 492 1811 καί
517 1769 548 1837 ρ,
577 1741 708 1831 γόνατα
730 1771 741 1810 ι
767 1738 822 1811 καί
850 1771 887 1822 τ,
912 1743 1031 1823 κνήμας
1058 1769 1078 1808 κ
1105 1738 1159 1808 καί
1186 1769 1215 1822 o,
1236 1734 1356 1835 σφυρὰ
1379 1743 1402 1805 λ

248 1851 303 1922 καί
327 1848 357 1945 ξ,
376 1849 481 1927 πάθας
504 1882 529 1934 μ
550 1851 604 1923 καί
630 1882 655 1921 ν.
700 1851 819 1923 Τοῦτό
846 1852 922 1924 ἔστι
951 1850 995 1923 τὸ
1021 1855 1118 1934 σῶμα
1146 1857 1205 1932 τής
1228 1847 1317 1921 κατὰ
1344 1846 1402 1919 τὸν

248 1964 361 2054 μάγον
388 1962 578 2045 Ἀληθείας·
620 1969 727 2035 τοῦτο
757 1962 801 2036 τὸ
839 1971 956 2059 σχῆμα
990 1969 1054 2035 τοῦ
1087 1963 1272 2058 στοιχείου,
1308 1962 1403 2035 οὗτος

250 2077 269 2146 ὁ
294 2074 470 2173 χαρακτήρ
490 2080 553 2147 τοῦ
574 2077 784 2174 γράμματος.
834 2076 905 2146 Καί
930 2083 1025 2146 καλεῖ
1042 2072 1086 2147 τὸ
1105 2085 1280 2170 στοιχεῖον
1298 2079 1403 2144 τοῦτο

248 2184 484 2285 ’Ἄνθρωπον
515 2185 595 2259 εἷναί
618 2219 658 2260 τε
681 2193 791 2280 πηγήν
813 2195 918 2287 φησιν
948 2187 1030 2261 orie-d
1056 2186 1182 2264 παντὸς
1211 2188 1331 2278 λόγον,
1351 2185 1402 2257 καί

250 2420 360 2465 eorum
376 2421 467 2464 enam
480 2399 732 2466 enuntiationem
749 2401 936 2477 exclamare,
953 2423 991 2467 eo
1004 2402 1089 2488 quod
1104 2421 1168 2466 non
1181 2397 1402 2486 pessimum,

250 2498 327 2562 illud
345 2499 430 2584 quod
447 2505 496 2563 est
513 2506 619 2564 totum
636 2500 811 2566 enuntiare.

328 2602 358 2662 4.
400 2596 480 2662 Haeo
496 2597 605 2685 itaque
623 2608 838 2686 exponentem
855 2601 884 2666 ei
903 2601 1182 2689 quaternationem
1196 2598 1316 2664 dixisse
1334 2595 1404 2692 [de-

252 2695 344 2772 diese,
358 2695 455 2760 MSS.
469 2696 525 2762 Cr..
540 2699 603 2762 Aa.
622 2697 715 2764 Vose.
727 2697 823 2784 dto.]:
843 2698 926 2765 Volo
937 2706 1047 2766 autem
1060 2700 1121 2767 tibi
1130 2707 1165 2765 et
1181 2699 1285 2786 ipsam
1302 2706 1404 2763 ostou-

252 2795 327 2859 dere
343 2793 537 2862 Veritatem.
590 2798 731 2884 Deposui
747 2799 831 2864 enirn
848 2800 934 2864 illam
959 2799 1000 2865 de
1022 2798 1237 2886 superioribue
1254 2796 1402 2871 aedificiie,

250 2901 288 2959 ut
305 2893 538 2980 circumspicies
555 2919 625 2961 eam
638 2897 766 2974 nudem,
778 2907 812 2964 et
824 2899 978 2964 intuearis
994 2899 1227 2964 formositatem
1240 2898 1331 2984 ejus3
1350 2897 1403 2960 eed

251 3002 285 3059 et
300 2994 411 3058 audias
435 3016 506 3059 eam
522 2995 714 3081 loquentem,
741 3005 775 3063 et
797 2998 963 3064 admireris
982 2999 1171 3084 sapientiem
1188 2997 1266 3082 ejue.
1321 2994 1405 3059 Vide

251 3093 328 3179 quid
346 3093 445 3181 igitur
458 3094 491 3158 in
507 3104 604 3181 caput
617 3097 684 3182 ejus
697 3119 831 3173 sursum,
845 3098 983 3185 primum
999 3103 1025 3164 Α
1042 3104 1076 3163 et
1089 3101 1126 3165 Ω.
1154 3096 1280 3162 Collum
1297 3103 1404 3161 autem

255 3195 332 3259 Bet
350 3197 393 3260 Ψ.
446 3193 607 3260 Humeroe
632 3219 705 3261 curn
729 3197 875 3263 manibus
897 3200 923 3265 Γ
944 3205 978 3263 et
1006 3201 1049 3266 X.
1102 3197 1221 3262 Pectus
1248 3201 1281 3264 Δ
1306 3203 1342 3262 et
1366 3197 1404 3262 Φ.

251 3291 400 3356 Cinctum
420 3295 444 3358 E
462 3299 496 3356 et
513 3296 554 3360 Υ.
606 3293 764 3362 Ventrem
782 3301 807 3364 Z
823 3305 858 3363 et
874 3301 915 3365 Τ.
967 3296 1119 3363 Verenda
1147 3299 1177 3363 H
1203 3303 1238 3360 et
1255 3298 1293 3363 Σ.
1346 3293 1406 3359 Fe-

250 3411 341 3454 mora
359 3393 388 3458 θ
404 3397 438 3455 et
457 3393 492 3455 P.
538 3391 652 3458 Genue
671 3397 686 3460 Ι
705 3403 739 3461 et
759 3399 800 3463 Π.
826 3396 935 3462 Tibiae
956 3399 981 3463 K
1000 3404 1035 3462 et
1053 3401 1093 3465 0.
1142 3395 1249 3460 Crura
1269 3401 1296 3462 Λ
1314 3401 1349 3460 et
1366 3396 1405 3464 Ξ·

251 3488 353 3552 Pedes
374 3492 410 3554 M
429 3495 463 3553 et
482 3492 524 3555 N.
579 3490 652 3557 Ηοο
670 3501 719 3559 eet
744 3517 859 3583 corpus
877 3497 956 3584 ejus,
978 3518 1049 3582 quer
1075 3504 1124 3561 eet
1146 3494 1323 3560 secundum
1341 3516 1406 3559 ma·

248 3608 335 3674 gum,
351 3585 531 3666 Veritatis;
558 3589 628 3655 haeo
642 3591 745 3679 figura
761 3595 920 3671 elementi,
938 3595 989 3659 hic
1015 3595 1182 3661 character
1195 3594 1310 3660 literae.
1362 3592 1407 3659 Et

250 3693 342 3752 vocat
364 3687 556 3755 elementum
577 3690 647 3772 hoc,
671 3692 864 3763 Hominem:
890 3717 958 3761 eese
983 3703 1092 3761 autem
1119 3695 1242 3759 fontem
1264 3693 1314 3760 ait
1336 3715 1408 3759 eum

298 3868 308 3901 ¹
327 3870 360 3919 eo
376 3871 561 3935 remotarum
579 3875 629 3925 on.
647 3877 698 3926 anu
715 3877 802 3929 urse.
854 3879 897 3928 ue
914 3879 985 3927 Book
1007 3851 1087 3940 tan
1106 3879 1164 3942 pm
1180 3880 1201 3927 u
1218 3879 1240 3928 a
1259 3878 1322 3939 md.
1343 3878 1408 3931 Βῆ*

252 3949 357 4011 osaea,
853 3932 940 4024 ηήςτι
963 3960 1025 4011 era
1051 3961 1214 4017 noctem
1237 3961 1300 4011 nra
1322 3960 1409 4023 nura>

296 4030 467 4096 ’Ἄνθρωποι
490 4035 543 4086 Ήιο
556 4038 661 4103 Ophites
678 4057 707 4091 or
723 4043 803 4092 Neae-
859 4042 892 4093 Yc
912 4059 955 4093 ατο
974 4042 1052 4093 called
1071 4058 1126 4092 νισι
1144 4041 1255 4109 (Adam)
1271 4044 1368 4093 ὺοοαιικ
1382 4042 1412 4106 ej

246 4112 402 4179 senee'(from
417 4117 475 4167 θη)
500 4126 604 4185 torpeas)
616 4140 679 4173 were
693 4125 737 4174 the
749 4142 804 4190 pre·
853 4124 891 4175 the
900 4124 1034 4189 (spirited)
1045 4125 1099 4175 soal
1113 4124 1165 4174 ctat
1179 4141 1228 4189 μον
1243 4124 1409 4189 moeimfm

247 4209 346 4244 cursore
369 4198 397 4245 oi
416 4198 577 4263 (encaenium,
600 4204 651 4253 aud
673 4205 734 4269 they
750 4206 805 4256 first
852 4207 890 4257 ete
900 4208 1122 4271 eumeniam.-
1137 4208 1185 4258 but
1195 4209 1239 4258 the
1249 4209 1358 4259 hoamen
1368 4224 1409 4259 are

247 4274 374 4326 borrowed
390 4279 433 4329 the
450 4281 602 4333 Oebbaliutic
616 4285 702 4333 notion
719 4286 749 4334 of
761 4288 804 4336 the
853 4293 899 4337 not
909 4288 1026 4353 dignified
1037 4289 1072 4354 by
1083 4290 1133 4339 thie
1146 4305 1228 4351 name,
1244 4306 1273 4339 ee
1286 4291 1409 4354 receiving

246 4355 331 4407 Adam
349 4358 462 4410 Cadmon
484 4378 514 4411 or
530 4363 614 4412 Adem
635 4365 717 4427 Elion,
739 4366 802 4418 from
853 4383 870 4418 a
890 4385 957 4418 mere
976 4370 1070 4420 animai
1091 4371 1146 4421 σου]
1164 4386 1195 4419 or
1210 4370 1269 4422 vit)
1285 4371 1350 4421 from
1366 4373 1408 4421 the

246 4436 329 4487 whom
343 4439 386 4488 the
402 4440 422 4490 J
423 4458 472 4491 ewe
489 4458 553 4491 were
569 4445 661 4508 taught
671 4451 699 4495 to
710 4447 803 4498 believe
852 4448 937 4500 Δάαιη
949 4451 1038 4513 Belial,
1052 4468 1081 4501 or
1091 4453 1172 4514 xoiitds
1189 4454 1218 4503 of
1231 4455 1276 4504 the
1292 4454 1407 4504 Gnostio.

245 4514 302 4566 thet
320 4519 386 4569 their
402 4522 470 4572 eoule
488 4538 551 4573 were
566 4524 680 4587 derived;
700 4543 719 4577 ι.
730 4545 755 4592 μ.
776 4530 802 4578 in
854 4531 1025 4584 lerourrue
1041 4550 1099 4599 eaye
1109 4535 1138 4585 oi
1145 4536 1189 4586 the
1199 4535 1357 4587 Nemenos:
1370 4533 1408 4586 oi·
