2954 4986
372 359 520 413 surrsos
544 361 763 415 srrmrauus
789 364 990 417 meamne.
1223 353 1271 424 55

117 521 248 618 τρόπον
277 519 404 615 χρυσός
431 522 464 589 ἕν
487 522 653 620 βορβόρῳ
682 525 875 600 κατατιθεὶς
907 528 962 596 οὐκ
989 524 1184 614 ἀποβάλλει
1211 529 1273 612 την
1289 563 1343 603 cm
1351 565 1368 604 1.
1377 566 1391 604 ι.
1399 567 1429 605 ιι.

117 630 283 712 nohheiniu
319 632 429 716 aris-ori,
468 632 560 704 ἀλλά
591 635 651 717 την
686 634 772 706 ι’δίαν
807 637 909 734 φύσιν
946 635 1179 736 διαφυλάττει,
1209 647 1272 712 τοῦ
1284 611 1436 696 'libii-'vlli-

117 745 298 841 βορβόρου
323 742 422 827 μηδὲν
439 743 589 828 ἀδικῆσαι
611 746 784 831 δυναμένου
807 749 868 819 τάν
887 750 1024 847 χρυσόν·
1052 747 1139 822 οὕτω
1162 750 1197 821 δέ
1215 755 1270 824 καὶ

118 857 235 933 αι’ντοάς
252 858 404 948 λέγουσι,
424 854 484 949 ιιᾷν
501 860 534 927 έν
555 861 686 935 όποιάις
707 863 829 937 ἀλικαΐς
849 859 993 959 πράξεσι
1011 863 1269 954 καταγένιονται,

116 967 216 1052 μηδὲν
235 970 351 1045 αὐτοὺς
368 967 693 1068 παραβλάπτεσθαι,
712 970 793 1054 μηδέ
815 973 1029 1060 ἀποβάλλειν
1050 977 1111 1058 την
1130 1007 1270 1060 πνευμα-

119 1081 214 1164 τιιιῆν
232 1084 434 1153 ὑπόστασιν.

202 1215 258 1262 12.
310 1193 376 1264 Διά
400 1192 438 1277 δη
459 1195 513 1265 καὶ
536 1190 581 1266 τά
610 1192 809 1293 ἀπειρημένα
836 1194 947 1269 τόντα
970 1196 1067 1276 ἀδεῶς
1090 1202 1124 1269 οἱ
1143 1203 1271 1272 τελειό·

117 1337 219 1377 τατοι
238 1302 449 1403 πράττουσιν
469 1307 582 1389 αι’ντῶν,
601 1307 677 1404 περὶ
697 1307 740 1378 ὦν
762 1311 799 1379 αι’
820 1310 954 1408 γραφαὶ
986 1308 1269 1398 διαβεβαιοῦνται,

117 1417 194 1494 τοὺς
211 1423 388 1494 ποιοῦντας
408 1415 492 1489 adet
510 1419 690 1505 βασιλείαν
713 1419 801 1490 Θεοῦ
823 1422 867 1505 μὴ
888 1427 1154 1520 κληρονομήσειν.
1198 1423 1270 1495 Καὶ

118 1528 188 1628 γὰρ
233 1527 454 1601 ἐἰδωλόθυτα
499 1529 667 1629 διαφόρως
712 1527 941 1638 [ἀδιαφόρως]
986 1535 1144 1620 ε’σθέουσι,
1189 1535 1270 1619 μηδέ

117 1635 257 1747 [μηδὲν]
294 1643 495 1726 μολύνεσθαι
532 1645 588 1713 ὑπ’
617 1644 722 1713 οὔτῶν
759 1646 942 1735 ἡγούμενοι·
977 1645 1030 1716 καὶ
1066 1647 1122 1716 ε’πὶ
1156 1651 1270 1720 πᾶσαν

117 1751 321 1852 ἕορτάσιμον
335 1760 401 1826 τῶν
418 1756 516 1826 έθνῶν
531 1756 678 1854 ατέρφιν
691 1758 733 1832 εἰς
745 1755 843 1839 τιμην
861 1761 927 1828 τῶν
944 1755 1084 1827 εἰδώλων
1101 1761 1271 1849 γινομένην

76 1934 83 1946 ,
117 1869 249 1964 τρότοι
287 1868 442 1948 συνίασιν,
479 1869 521 1944 rie
554 1865 635 1952 μηδὲ
673 1875 732 1950 τῆς
765 1867 858 1967 παρὰ
895 1869 968 1956 Θεῷ
1004 1869 1057 1939 καὶ
1086 1869 1270 1969 ἀνθρώποις

116 1980 335 2063 μεμισημένης
357 1987 415 2062 τῆς
437 1985 504 2050 τῶν
530 1977 740 2078 θηριομάχον
762 1980 815 2051 καὶ
834 1980 1041 2075 μονομαχίας
1064 1980 1271 2081 ἀνδροφόνου

117 2166 290 2252 percipere,
308 2165 384 2231 licet
399 2166 432 2230 in
449 2165 686 2251 quibuscunque
703 2165 822 2231 fuerint
839 2167 943 2231 lactis.
995 2167 1270 2243 Quemadmodum

116 2264 203 2329 enim
220 2287 333 2329 aurum
351 2265 381 2328 in
398 2287 488 2330 coeno
504 2265 681 2349 depositum
702 2286 765 2328 non
787 2265 909 2330 amittit
932 2266 1078 2330 decorem
1098 2289 1198 2339 suum,
1214 2268 1270 2331 sed

116 2387 208 2428 suam
225 2372 374 2428 naturam
392 2364 541 2439 custodit,
560 2387 632 2430 cum
657 2386 782 2428 coenum
808 2364 885 2427 nihil
909 2387 1021 2430 nocere
1047 2387 1125 2429 auro
1150 2366 1269 2450 possit:

117 2464 163 2528 sic
193 2473 226 2528 et
254 2465 439 2550 semetipsos
472 2463 592 2541 dicunt,
622 2464 696 2528 licet
723 2463 755 2527 in
791 2464 1026 2549 quibuscunque
1054 2465 1271 2530 materialibus

117 2563 267 2648 operibus
281 2563 355 2638 sint,
373 2564 451 2627 nihil
468 2562 653 2649 semetipsos
669 2564 786 2638 noceri,
804 2585 907 2648 neque
928 2564 1077 2630 amittere
1096 2564 1271 2650 spiritalem

117 2663 340 2728 substantiam.

197 2766 248 2830 12.
300 2763 506 2849 Quapropter
523 2771 557 2829 et
573 2762 756 2827 intimorate
772 2763 878 2829 omnia
893 2784 963 2849 quae
980 2771 1130 2829 vetantur
1154 2763 1198 2843 hi,
1217 2765 1272 2850 qui

118 2870 194 2928 sunt
219 2862 360 2948 ipsorum
384 2863 526 2947 perfecti,
553 2870 735 2948 operantur,
756 2864 796 2927 de
822 2864 934 2948 quibus
961 2863 1134 2949 Scriptura
1159 2865 1272 2928 confir-

119 2970 219 3032 mant,
239 2961 388 3047 quoniam
411 2963 465 3048 qui
478 2963 609 3046 sariunt
634 2982 680 3035 ια,
707 2963 848 3046 Ηνρυυνυ
866 2963 931 3026 Dei
956 2984 1016 3026 noa
1038 2964 1269 3028 hereditabunt.
1284 2983 1395 3022 ouen.

119 3060 253 3125 Etenim
276 3061 455 3147 idolothyta
480 3061 696 3126 indifferenter
720 3062 924 3136 manducant,
942 3060 1019 3123 nihil
1045 3060 1202 3144 inquinari
1229 3063 1271 3126 ab

119 3159 158 3224 iis
175 3168 336 3245 putantes,
350 3168 383 3225 et
400 3160 433 3224 in
450 3183 575 3225 omnem
592 3160 675 3224 diem
689 3160 805 3224 festum
819 3158 1017 3223 ethnicorum
1034 3159 1273 3244 provoluntate

119 3259 152 3323 in
179 3260 299 3325 honore
326 3260 498 3324 'idolorum
532 3259 568 3348 [l.
594 3282 653 3345 pro
681 3260 845 3345 voluptate
872 3259 905 3322 in
932 3259 1084 3323 honorem
1113 3257 1271 3345 Deorum]

119 3359 241 3424 factum
260 3359 354 3445 primi
371 3359 580 3432 conveniunt;
604 3359 652 3424 uti
669 3359 702 3422 in
719 3359 818 3423 nihilo
835 3357 963 3444 quidem
980 3357 1172 3432 abstineant,
1188 3359 1272 3443 quod

119 3467 170 3525 est
184 3460 271 3545 apud
287 3457 393 3522 Deum
410 3467 444 3524 et
460 3460 546 3545 apud
567 3459 708 3523 homiues
733 3458 877 3523 odiosum
903 3458 1041 3523 muneris
1057 3457 1274 3523 ⁴homicidiale

118 3657 145 3705 in
163 3656 206 3704 the
227 3653 284 3704 rech
302 3660 415 3719 century,
437 3655 521 3703 orior
542 3655 584 3703 the
602 3654 671 3703 Mor·
722 3655 815 3719 quoted
825 3655 859 3718 by
871 3653 1087 3702 miserrmus.

118 3740 214 3788 monite
224 3739 251 3787 in
262 3739 305 3787 the
315 3738 467 3786 niueteentlu
770 3734 783 3766 ¹
802 3737 898 3798 Τέρψιν.
943 3734 997 3782 The
1019 3733 1095 3782 Latin
1117 3734 1273 3794 translation,

168 3819 178 3851 ¹
195 3819 249 3868 The
260 3835 304 3867 use
321 3819 350 3866 of
363 3822 442 3868 meets
459 3818 550 3866 offered
568 3823 594 3866 tc
611 3819 672 3867 idola
719 3833 767 3880 pro
784 3816 908 3876 wluatcu,
927 3815 1047 3864 indicates
1065 3815 1108 3863 the
1124 3815 1273 3880 proposition

117 3919 170 3951 was
187 3901 318 3950 forbidden
334 3901 361 3948 in
378 3901 421 3949 the
438 3901 493 3949 first
510 3899 596 3963 synod,
616 3901 674 3948 Aac
723 3900 769 3958 διὰ,
782 3899 850 3946 itself
864 3915 880 3946 a
897 3913 958 3961 very
975 3896 1081 3960 possible
1095 3896 1278 3961 corruptiones

118 4000 160 4032 xv.
174 3997 215 4043 ao,
236 3982 287 4032 xxi.
308 3995 355 4043 25;
370 3983 418 4030 but
436 3982 479 4029 the
500 3981 594 4029 offenoe
616 3996 672 4028 con·
723 3980 770 4038 καὶ,
796 3979 877 4027 which
898 3977 981 4026 would
1003 3977 1060 4040 give
1083 3993 1098 4025 a
1120 3994 1181 4041 very
1210 3977 1276 4026 clear

118 4064 223 4124 tinned;
239 4079 268 4112 so
289 4063 310 4111 it
332 4076 401 4111 arose
423 4062 448 4109 in
467 4062 510 4110 the
529 4061 628 4110 Church
647 4061 676 4108 of
722 4078 800 4111 sense.

117 4146 232 4205 Corinth,
256 4159 265 4193 1
288 4144 344 4193 Gor.
357 4143 409 4193 viii.
430 4157 467 4203 ro,
487 4144 508 4191 it
525 4142 673 4207 reappesred
771 4141 924 4191 ⁸Idolorum
942 4142 988 4190 has
1007 4143 1069 4190 been
1088 4140 1175 4205 placed
1191 4141 1217 4189 in
1234 4140 1277 4189 the

117 4229 143 4277 in
154 4229 199 4277 the
210 4226 312 4276 Church
324 4226 353 4274 of
368 4225 510 4289 Pergamos,
524 4224 579 4273 Rev.
593 4224 617 4271 ii.
634 4238 670 4283 14,
722 4229 777 4273 text
796 4224 880 4272 rather
897 4222 1038 4286 arbitrarily
1052 4222 1088 4285 by
1105 4221 1216 4280 Garun
1233 4221 1277 4270 the

117 4310 208 4359 andos
219 4309 350 4374 Thyatira,
368 4321 416 4366 ιο,
432 4307 482 4356 and
496 4307 517 4354 is
531 4305 673 4354 mentioned
722 4305 879 4354 Arundelian
901 4304 952 4353 sud
973 4304 1046 4353 other
1073 4301 1151 4353 MSS.
1181 4301 1280 4357 exhibit

117 4391 178 4440 with
200 4390 362 4455 reprohation
384 4389 420 4452 by
440 4387 619 4446 Turnum,
644 4385 674 4435 dc
722 4403 822 4442 eoram
838 4387 954 4445 Deorum,
968 4384 1136 4445 thereforqis
1152 4382 1196 4432 the
1208 4394 1279 4433 m

117 4473 191 4533 Idot,
203 4472 235 4522 de
243 4472 361 4535 apuam,
376 4470 490 4528 Otrous,
502 4480 562 4517 rm.
572 4485 591 4517 e.
602 4469 672 4529 Cela,
724 4469 842 4533 probablc
851 4468 962 4530 reading.

116 4552 382 4614 crmurdeupsu,
391 4552 444 4612 hc„
455 4551 536 4599 whose
547 4551 675 4599 wordum
774 4549 785 4580 ⁴
802 4549 896 4598 Gneus
907 4545 1031 4596 considers
1043 4544 1102 4595 that
1116 4541 1159 4593 ἴα
1171 4540 1423 4683 Ἥ
