2954 4986
243 322 312 385 324
535 335 626 388 TYPI
651 333 947 387 HAERETICORUM
973 334 1115 386 MANCI.

95 695 173 735 ”¹⁸⁸
175 650 213 777 ¹¹
187 629 489 774 discipulorum·
490 709 669 752 numerum:
693 688 831 774 alioquin
857 711 1016 774 nunquam
1041 688 1159 753 alins'
1150 711 1184 753 m
1208 688 1312 753 locum
1338 689 1399 773 ejus

102 800 507 857 “Qannumeraretur
552 791 597 855 Et
612 791 768 855 Dominus
785 800 891 856 autem
906 792 985 856 dixit
1000 792 1040 856 de
1055 814 1113 856 eo:
1146 793 1204 856 Va
1219 792 1336 856 domiai
1346 814 1400 877 per

77 874 142 1005 isc:
148 873 230 1003 ”sim
242 915 329 980 qoem
342 893 448 957 Filius
461 892 592 957 leminis
605 892 758 958 tradetur.
783 893 838 970 Et,
851 893 970 957 Melior
982 903 1050 957 erar
1061 895 1090 958 ei
1103 895 1133 958 si
1146 916 1208 959 nos
1220 905 1314 959 notus
1321 896 1400 978 fais·

77 1012 148 1052 Joo
152 1011 226 1050 vult
242 1005 303 1059 set:
328 994 415 1075 otfil'
403 1016 452 1058 ros
464 994 649 1078 perditionis
664 994 767 1059 dictus
785 1002 835 1058 est
849 995 889 1058 ab
909 1016 957 1059 eo.
1003 994 1038 1058 Si
1052 1004 1159 1061 autem
1174 1018 1240 1060 non
1254 1006 1401 1082 separata

242 1097 283 1160 ab
295 1096 404 1159 AEone
419 1094 650 1180 Enthymeseos
664 1094 772 1159 dicunt
787 1094 811 1158 J
813 1095 907 1159 udam
921 1117 990 1160 esse
1005 1104 1125 1181 typum,
1137 1097 1195 1161 sed
1209 1097 1400 1183 perplexre'
1376 1119 1402 1162 er

243 1197 406 1283 passionis,
422 1218 480 1261 nec
501 1197 547 1261 sic
568 1218 715 1261 numerus
736 1197 899 1262 duodecim
920 1218 1048 1262 numero
1066 1198 1162 1262 trium
1184 1206 1320 1283 possunt
1339 1221 1402 1263 esse

243 1308 346 1384 typus.
381 1298 445 1364 Hic
460 1299 543 1362 enim
556 1298 580 1362 J
582 1300 661 1363 udas
674 1300 794 1385 ejectus
808 1308 866 1374 est,
882 1309 915 1364 et
931 1299 1087 1364 Matthias
1101 1322 1157 1385 pro
1171 1323 1211 1366 eo
1225 1301 1400 1365 ordinatim:

243 1402 305 1467 illic
319 1411 425 1467 autem
440 1404 532 1467 AEon
554 1402 746 1488 periclitatus
760 1402 885 1467 dissolvi
903 1411 936 1466 et
954 1403 1072 1488 perisse
1091 1403 1216 1482 dicitur,
1232 1412 1268 1468 et
1288 1403 1402 1488 Enthy-

243 1504 339 1568 mesis
360 1512 393 1568 et
413 1505 536 1590 passio;
559 1505 728 1590 separatim
746 1504 830 1569 enim
853 1503 1060 1589 Enthymesin
1082 1527 1207 1590 quoque
1225 1526 1247 1570 a
1264 1505 1403 1589 passione

243 1616 428 1672 secernunt:
452 1616 485 1672 et
499 1607 618 1672 iaciunt
630 1608 772 1672 AEonem
787 1606 912 1690 quidem
927 1605 1060 1684 restitui,
1079 1606 1292 1692 Enthymesin
1303 1617 1402 1673 autem

244 1709 380 1787 formari,
395 1709 572 1794 passionem
587 1730 659 1773 vero
672 1710 713 1773 ab
727 1708 778 1773 his
791 1716 968 1794 separatam
982 1729 1052 1773 esse
1071 1709 1249 1774 materiam.
1295 1709 1403 1775 Tribus

244 1811 350 1896 itaque
364 1811 589 1878 exsistentibus
605 1811 666 1889 his,
683 1813 804 1889 AEone,
819 1819 852 1876 et
868 1811 1064 1896 Enthymesi,
1081 1820 1115 1876 et
1129 1813 1288 1897 passione,
1306 1813 1330 1878 J
1333 1814 1403 1878 udas

244 1923 278 1980 et
294 1914 450 1980 Matthias
464 1915 526 1979 duo
540 1915 738 1992 exsistentes,
750 1935 813 1979 non
827 1922 958 2000 possunt
971 1921 1066 2000 typus
1079 1936 1160 1981 esse.

310 2022 341 2085 4.
387 2018 422 2083 Si
446 2027 552 2083 autem
577 2017 740 2083 duodecim
761 2017 934 2102 Apostolos
958 2017 1067 2082 dicunt
1090 2026 1202 2104 typum
1227 2041 1300 2085 esse
1327 2020 1404 2085 illius

244 2119 341 2185 solius
361 2120 524 2185 duodecim
545 2121 690 2184 AEonum
711 2119 900 2204 prolationis,
924 2141 1016 2206 quam
1039 2119 1147 2186 Homo
1168 2143 1242 2186 cum
1266 2122 1404 2188 Ecclesia

245 2222 390 2308 protulit;
409 2231 442 2286 et
456 2221 644 2308 reliquorum
658 2222 766 2287 decem
781 2222 936 2300 AEonum,
952 2221 1014 2306 qni,
1029 2229 1066 2285 ut
1079 2222 1201 2299 dicunt,
1216 2244 1237 2287 a
1254 2223 1362 2288 Verbo
1373 2234 1403 2288 et

248 2323 328 2388 Vita
341 2323 453 2409 prolati
467 2332 551 2401 sunt,
559 2324 635 2388 dent
649 2331 758 2410 typum
771 2323 849 2388 alios
863 2325 971 2388 decem
980 2323 1162 2407 Apostolos.
1190 2324 1403 2390 Irrationabile

245 2437 294 2494 est
309 2429 392 2493 enirn
409 2427 548 2512 juniores
563 2427 687 2511 quidem
701 2427 836 2506 AEones,
852 2434 885 2490 et
903 2434 1029 2510 propter
1048 2427 1108 2492 hoc
1123 2427 1270 2507 minores,
1286 2429 1403 2494 ostendi

246 2531 440 2596 aSalvatore
461 2553 518 2617 per
538 2530 720 2594 electionem
738 2529 979 2614 Apostolorum,
1002 2529 1140 2595 seniores
1160 2539 1269 2595 autem
1286 2532 1402 2607 horum,

246 2642 279 2697 et
293 2636 333 2698 ob
348 2634 408 2699 hoc
422 2634 575 2710 meliores,
590 2654 653 2696 non
671 2633 739 2717 jam
754 2631 960 2716 praeostendi:
984 2653 1056 2696 cnm
1078 2633 1178 2716 possit
1200 2634 1346 2700 Salvator
1365 2635 1401 2719 (si

245 2741 352 2798 tamen
367 2733 538 2817 Apostolos
552 2733 621 2796 ideo
636 2732 740 2817 elegit,
755 2740 791 2796 nt
804 2753 861 2816 per
874 2754 928 2796 eos
947 2732 1093 2797 ostendat
1108 2734 1246 2812 AEonas,
1264 2736 1317 2821 qui
1334 2745 1403 2801 sunt

246 2834 279 2899 in
292 2835 483 2918 Pleromate)
500 2843 533 2899 et
546 2833 624 2898 alios
638 2834 747 2899 decem
762 2833 934 2920 Apostolos
951 2834 1074 2921 eligere,
1086 2843 1119 2900 et
1129 2844 1205 2900 ante
1216 2836 1275 2901 hos
1286 2860 1402 2925 quoque

245 2935 323 3001 alios
344 2944 426 3014 octo,
448 2945 485 2999 ut
501 2935 586 2999 illam
607 2935 809 3021 principalem
830 2944 863 3000 et
885 2936 1018 3021 primam
1040 2938 1187 3002 ostendat
1211 2939 1401 3025 Ogdoadem,

246 3061 301 3126 per
336 3038 558 3125 Apostolorum
588 3059 751 3102 numerum
786 3044 896 3124 typum
932 3038 1050 3102 iactum
1079 3040 1196 3125 ¹poesit
1231 3042 1454 3118 ostenderam«

159 3183 190 3194 ··
246 3164 348 3229 neque
361 3143 498 3208 secunda
514 3141 651 3206 decade:
682 3148 754 3224 post
769 3139 854 3204 enim
867 3139 1031 3205 duodecim
1047 3141 1222 3225 Apostolos
1244 3166 1310 3208 cxx
1329 3145 1402 3209 ahos

295 3348 382 3396 ¹This
393 3347 611 3411 passageisgiven
620 3363 654 3410 up
662 3345 799 3409 bmen
848 3344 999 3407 viset-deux,
1023 3346 1067 3395 dte.
1108 3346 1162 3396 'l'he
1188 3349 1311 3412 meaning
1332 3349 1352 3397 ir
1373 3364 1403 3396 no

245 3445 273 3477 as
285 3429 424 3491 hopelessly
435 3433 545 3491 corrupt.
581 3428 608 3476 It
623 3427 749 3475 isaltered
765 3427 800 3490 by
847 3425 941 3474 clearer
958 3426 1020 3474 than
1037 3426 1128 3476 before.
1164 3427 1179 3476 I
1199 3445 1316 3493 propere,
1329 3430 1403 3478 there

247 3510 377 3557 Maestum
395 3513 422 3556 to
436 3508 511 3569 ymesit
528 3509 646 3556 edendos
661 3524 752 3571 ortoque
766 3523 800 3556 re·
848 3507 908 3566 lore,
923 3512 950 3555 to
968 3511 1025 3571 stop
1039 3509 1104 3556 after
1116 3508 1223 3570 factam,
1238 3511 1290 3559 and
1306 3517 1333 3561 to
1348 3512 1404 3560 take

246 3590 354 3640 cundem
368 3588 488 3648 decedent,
503 3588 553 3636 and
568 3589 599 3637 he
613 3589 671 3637 thne
687 3588 800 3652 explains
847 3588 954 3636 secundo
964 3588 1054 3638 decede
1064 3605 1091 3637 as
1101 3592 1274 3656 representing
1280 3594 1306 3654 β’
1317 3595 1401 3651 δεκάδι,

247 3673 286 3722 his
298 3672 361 3720 view
372 3671 451 3720 olthe
462 3685 578 3734 passage:
597 3685 652 3718 mom
659 3668 734 3732 possit
744 3669 799 3718 Scl-
848 3669 894 3718 ia
908 3671 1031 3720 δωδεκάδι.
1067 3670 1096 3719 If
1109 3672 1161 3720 this
1176 3673 1207 3721 be
1226 3675 1351 3723 conceded
1364 3676 1404 3723 the

246 3760 368 3801 votor—rt
379 3751 441 3801 alios
454 3751 533 3800 &erro
543 3750 669 3813 Apostolos
682 3749 800 3811 diyere-
848 3751 966 3813 meaning
977 3751 1061 3800 would
1071 3752 1101 3800 be
1113 3752 1178 3801 clear
1189 3754 1240 3802 and
1251 3756 1333 3819 good;
1350 3772 1369 3805 e.
1379 3772 1402 3818 y.

246 3842 273 3882 ut
280 3833 485 3896 poesitostmdere
496 3847 586 3896 quoque
596 3831 726 3880 medem
733 3830 800 3879 deco
848 3831 889 3879 lle
908 3832 980 3880 could
998 3839 1039 3879 not
1060 3848 1116 3880 roeo
1136 3833 1199 3882 rbere
1216 3852 1233 3883 ιι
1253 3844 1310 3899 type
1326 3837 1356 3899 of
1367 3837 1404 3885 tte

246 3915 315 3971 dem·
331 3915 370 3963 his
388 3915 504 3963 reviewer
519 3914 544 3961 in
563 3914 606 3961 the
622 3912 688 3961 Bibl.
701 3913 796 3973 οδοίεἰο,
848 3912 986 3974 Apostolotr
997 3913 1193 3963 irrthrDodecad
1205 3916 1328 3978 ofAEorrs,
1340 3918 1403 3967 'Ebr'r

247 3995 341 4060 quoted
366 3996 401 4058 by
424 3994 548 4054 S'rntltnn,
569 3993 650 4057 justly
675 3993 798 4053 observes,
849 4010 908 4041 raro
924 3995 1048 4054 ἀποδεῖξαι
1061 3997 1114 4044 οὐδὲ
1128 3998 1162 4056 τῇ
1171 3999 1196 4058 β’
1209 3999 1299 4057 δεκάδι,
1313 4000 1405 4048 mers

247 4078 316 4128 Mais
327 4093 363 4127 cer
376 4075 474 4139 parole
491 4083 584 4124 esrom
599 4090 649 4137 por
664 4091 727 4125 ossa
744 4075 801 4125 liter
847 4073 912 4123 there
934 4091 992 4124 torre
1013 4084 1104 4137 mvorty
1129 4076 1209 4127 others
1230 4079 1309 4128 etos
1336 4082 1405 4132 Jercr

246 4178 302 4211 aesc
319 4162 352 4210 les
364 4159 522 4224 processura,
536 4158 587 4207 and
605 4159 666 4206 then
683 4173 802 4222 proposes
850 4157 1002 4216 ἀπέστειλεν,
1022 4157 1073 4205 and
1096 4158 1151 4206 who
1174 4175 1247 4220 were,
1271 4163 1403 4221 therefore,

247 4260 263 4292 a
273 4243 423 4299 correction;
434 4237 577 4289 J’or'mcror's
588 4238 801 4298 m-icuxlireQuos
850 4237 992 4297 ἀπόστολοι,
1012 4239 1099 4286 notin
1116 4254 1149 4286 an
1168 4246 1242 4289 exact
1258 4243 1311 4291 and
1327 4244 1405 4292 litersl

246 4324 326 4389 possit
339 4322 467 4372 ostendere
484 4335 564 4384 neque
579 4319 688 4366 secunda
698 4318 789 4368 decade
793 4336 800 4379 ;
849 4333 927 4379 sense,
941 4319 989 4367 but
1000 4319 1061 4367 vrith
1072 4320 1197 4369 sufficient
1208 4324 1281 4372 truth
1293 4330 1321 4372 to
1338 4326 1404 4374 inva-

246 4406 307 4467 qu’il
317 4420 347 4453 oe
354 4403 469 4465 poure-eit
476 4416 525 4463 pos
536 4415 656 4461 murqorr,
669 4400 743 4447 sam
750 4416 802 4462 por
848 4399 926 4448 lidatc
936 4400 980 4448 the
991 4400 1155 4450 Valentinian
1167 4404 1288 4468 snalogy.
1324 4406 1353 4454 Il
1364 4406 1404 4454 the

247 4501 295 4534 aas
311 4484 408 4533 reconde
427 4482 524 4531 dirutos
541 4481 632 4542 ajouter
650 4495 684 4527 αιι
706 4481 802 4529 norrrbre
849 4482 940 4530 tvvelve
959 4498 1023 4531 vvere
1040 4484 1204 4548 numerically
1221 4488 1337 4551 typifled,
1349 4489 1404 4551 why

248 4568 278 4617 dr
295 4567 375 4626 ἀοιικ,
392 4580 467 4628 pares
485 4579 529 4628 que
545 4562 596 4612 erlo
616 4576 646 4609 ns
662 4560 740 4624 feroit
756 4578 801 4625 qus
850 4563 1200 4614 nottheHebdomeeontsdl
