2954 4986
578 363 758 417 vaurms.
1186 351 1253 415 319

97 517 130 574 et
144 510 177 573 in
193 509 323 576 insuetis
336 512 496 591 ebulliens,
511 513 593 578 sieut
607 514 666 599 ipsi
681 513 798 592 dicunt,
814 513 1002 579 contrarium
1013 536 1081 580 esse
1097 524 1253 582 terrenum
1264 537 1322 622 31¹3
1326 535 1415 622 prim

96 612 238 696 spiritali,
257 622 288 677 et
303 613 441 700 spiritale
455 617 600 679 terreno?
644 615 808 697 Quomodo
822 615 918 701 igitur
931 615 964 679 in
982 617 1146 682 contrariis
1166 627 1199 684 et
1220 620 1254 684 iu
1282 630 1396 714 ”gfff-4¹¹·

96 716 227 780 insuetis
247 737 373 800 parvum
391 716 548 795 emissum,
564 717 823 803 quemadmodum
839 717 957 796 dicunt,
976 725 1009 782 et
1027 739 1206 806 augescere,
1221 729 1415 787 et·—

96 819 233 896 l'ormari,
249 827 281 884 et
295 819 336 884 ad
351 819 571 904 perfectionem
587 819 744 904 pervenire
759 820 881 906 potuit?

540 1061 641 1126 OAP.
665 1060 811 1127 XXXI.

112 1198 222 1288 Quod
248 1226 362 1299 neque
388 1199 572 1298 conceptio
598 1227 711 1299 oeqire
735 1200 921 1298 generatio
944 1201 1092 1278 sentinis
1103 1201 1236 1300 fuerit

165 1358 194 1418 1.
226 1356 352 1420 Annuc
368 1357 463 1422 etiarn
475 1365 507 1422 et
522 1357 562 1421 ad
576 1357 644 1423 haee
654 1380 723 1444 quae
739 1358 823 1422 dicta
836 1365 910 1423 sunt
920 1359 1101 1444 requiretur,
1119 1359 1251 1424 Utrum·

96 1478 138 1521 ne
166 1459 264 1523 semel
289 1459 383 1523 enixa
411 1460 453 1524 sit
481 1460 588 1524 Mater
614 1459 734 1523 illorum
757 1482 873 1537 semen,
898 1468 935 1524 ut
956 1460 1033 1525 vidit
1053 1461 1190 1548 angelos,
1209 1484 1251 1526 an

96 1559 329 1643 particulatim?
352 1561 414 1626 Sed
428 1561 455 1625 si
471 1562 594 1645 quidem
609 1561 701 1626 simul
715 1569 747 1626 et
761 1562 867 1640 semel,
883 1562 966 1647 quod
983 1562 1095 1627 exinde
1118 1585 1251 1650 concep·

95 1671 175 1740 tum,
196 1685 279 1727 nunc
296 1665 364 1748 jam
379 1685 441 1727 non
459 1663 517 1727 erit
532 1663 688 1727 infantile:
713 1663 869 1748 superflua
890 1671 939 1728 est
957 1663 1052 1750 igitur
1069 1663 1101 1726 in
1121 1685 1176 1730 eos
1197 1666 1251 1750 qui

95 1785 179 1828 nunc
200 1772 284 1841 sunt,
306 1765 447 1829 homines
467 1764 626 1829 descensio
648 1767 726 1851 ejus.
772 1765 806 1829 Si
823 1773 928 1830 autem
945 1765 1164 1851 particulatim,
1182 1767 1251 1851 jam

95 1887 160 1929 non
179 1867 349 1930 seeundum
364 1867 496 1953 liguram
514 1889 632 1945 eorum,
648 1890 727 1952 quos
741 1867 818 1932 vidit
832 1868 971 1955 angelos,
986 1869 1059 1933 iecit
1075 1869 1251 1954 conceptio-

94 1991 183 2034 nem:
209 1969 303 2034 simul
317 1969 399 2034 enim
414 1991 469 2034 eos
482 1978 515 2034 et
532 1970 629 2035 semel
643 1971 751 2036 videns
772 1980 804 2036 et
819 1971 1006 2056 concipiens,
1023 1971 1120 2036 semel
1134 1972 1250 2037 enixio-

93 2094 166 2136 nem
181 2072 315 2136 debebat
330 2072 448 2149 iecisse,
465 2095 596 2156 quorum
611 2074 663 2137 ¹de
686 2075 782 2139 semel
797 2081 982 2160 conceperat
995 2074 1120 2161 figuras.
1167 2075 1250 2156 Quid

93 2183 209 2252 autem,
225 2174 307 2259 quod
328 2175 457 2261 angelos
479 2196 549 2238 cunr
566 2174 726 2240 Salvatore
742 2175 834 2240 simul
848 2176 965 2254 videns,
980 2174 1101 2240 illorum
1124 2176 1249 2261 quidem

92 2275 245 2363 imagines
267 2277 419 2361 concepit,
440 2277 610 2342 Salvatoris
630 2287 737 2343 autem
759 2300 832 2356 non,
851 2276 904 2362 qui
926 2285 976 2343 est
996 2278 1137 2343 decorior
1156 2300 1249 2365 super

92 2377 182 2444 illust
220 2378 425 2462 Annumquid
439 2400 502 2442 non
516 2379 632 2464 placuit
647 2381 675 2444 ei
690 2380 752 2457 hic,
768 2389 800 2444 et
815 2388 941 2464 propter
954 2380 1014 2444 boc
1028 2402 1091 2443 non
1105 2380 1248 2466 concepit

92 2483 143 2546 ²in
158 2485 250 2548 eum?
295 2483 458 2563 Quomodo
479 2491 584 2548 autem
604 2484 794 2571 Demiurgus
814 2508 906 2570 quern
929 2484 1109 2571 psychicum
1123 2494 1245 2564 vocant,

91 2587 246 2673 propriam
261 2586 430 2651 seeundum
446 2607 500 2651 eos
516 2587 762 2673 magnitudinem
777 2596 810 2652 et
827 2589 956 2674 liguram
970 2588 1098 2664 habens,
1114 2587 1247 2652 emissus

91 2699 141 2756 est
161 2689 333 2754 secuudum
353 2710 443 2752 suam
461 2689 668 2753 substantiam
686 2691 859 2775 perfectus3
879 2690 961 2774 quod
982 2699 1086 2754 autem
1108 2689 1247 2775 spiritale

89 2802 149 2872 est,
165 2792 356 2879 quodetiam
372 2791 531 2875 operosius
545 2801 667 2876 oportet
682 2815 750 2858 esse
765 2816 858 2879 quam
872 2794 1016 2870 animale,
1031 2793 1246 2879 imperfectum

90 2896 238 2961 emissum
253 2902 311 2971 est,
327 2900 359 2957 et
381 2914 459 2977 opus
482 2893 510 2956 ei
533 2893 591 2956 suit
606 2903 641 2957 ut
662 2895 694 2957 in
713 2895 848 2958 animam
866 2895 1075 2970 descenderet,
1096 2904 1131 2959 ut
1153 2895 1185 2959 in
1207 2917 1245 2961 ea

88 3001 284 3073 formaretur,
293 3004 325 3060 et
336 2996 381 3059 ita
389 2996 559 3080 perlectum
571 2997 734 3072 exsistens,
743 3006 886 3082 paratum
898 2997 1003 3060 fiatad
1014 2997 1243 3082 suscipiendum

87 3103 261 3187 perfectum
272 3100 425 3163 ³verbum.
454 3098 487 3162 Si
501 3098 596 3184 igitur
604 3098 636 3161 in
644 3099 775 3163 terrenis
785 3099 962 3162 hominibus
972 3107 1004 3162 et
1016 3099 1048 3160 in
1059 3099 1243 3164 animalibus

85 3206 248 3280 formatur,
266 3202 333 3286 jam
354 3223 416 3264 non
437 3200 608 3264 seeundum
630 3200 810 3286 augelorum
832 3200 1063 3264 similitudinem
1087 3207 1145 3278 est,
1164 3222 1242 3284 quos

86 3307 195 3371 dicunt
208 3305 336 3378 lumina,
352 3305 407 3368 sed
428 3303 596 3367 seeundum
612 3325 717 3366 eorum
735 3303 787 3389 qui
807 3312 881 3368 sunt
899 3303 950 3368 hie
970 3302 1122 3368 homines.
1167 3303 1241 3367 Nou

84 3409 168 3473 enim
184 3406 364 3493 augelorum
379 3405 508 3469 habebit
527 3405 760 3470 similitudinem
775 3414 808 3471 et
822 3407 968 3493 speciem,
984 3406 1040 3471 sed
1054 3407 1239 3483 animarum,

85 3512 117 3574 in
139 3509 252 3594 quibus
266 3515 298 3572 et
318 3507 485 3571 formatur:
510 3508 664 3592 quomodo
685 3531 768 3594 aqua
789 3509 821 3573 in
842 3532 897 3575 vas
916 3509 1021 3585 missa,
1042 3508 1139 3595 ipsius
1158 3509 1241 3574 vasis

84 3612 213 3677 habebit
224 3612 365 3687 formam,
376 3614 425 3673 ⁴et
436 3610 503 3694 jam
518 3610 544 3673 si
556 3610 705 3696 gelaverit
719 3611 750 3673 in
766 3633 813 3688 eo,
825 3612 958 3697 speciem
973 3611 1099 3676 habebit
1114 3611 1239 3686 vasculi,

83 3715 118 3778 in
142 3735 203 3799 quo
226 3712 349 3799 gelavit,
375 3712 497 3796 quando
521 3712 596 3797 ipsae
622 3712 735 3775 animae
765 3713 901 3798 corporis
926 3713 1061 3776 habeant
1084 3713 1237 3798 figuram

83 3816 143 3902 ipsi
173 3816 255 3880 enim
284 3814 424 3899 adaptati
453 3822 526 3878 sunt
554 3813 630 3892 vasi,
661 3814 919 3897 quemadmodum
948 3813 1156 3897 praediximus.
1204 3816 1238 3881 Si

82 3919 179 4006 igitur
193 3927 226 3983 et
240 3917 313 3981 illud
322 3938 428 3981 semen
437 3916 488 3980 hie
498 3915 679 4002 coagulatur
690 3923 723 3979 et
737 3917 896 3992 formatur,
906 3915 1042 3978 hominis
1053 3915 1153 4002 figura
1166 3918 1236 3996 erit,

81 4022 138 4085 sed
153 4044 216 4085 non
235 4019 415 4106 angelornm
430 4019 561 4082 formam
577 4018 705 4081 habens.
743 4017 905 4097 Quomodo
920 4016 1015 4101 igitur
1029 4017 1069 4080 ad
1084 4017 1237 4104 imagines

80 4123 262 4210 angelorum
276 4123 351 4187 illud
364 4144 471 4187 semen
481 4130 539 4200 est,
550 4121 632 4207 quod
646 4120 816 4186 seeundum
830 4117 1060 4182 similitudinem
1076 4120 1237 4185 hominum

130 4292 140 4324 ¹
153 4292 220 4341 Both
234 4292 278 4341 the
289 4292 333 4340 Cu.
346 4292 396 4340 and
411 4292 461 4339 Aa.
476 4290 552 4340 MSS.
569 4291 633 4339 have
683 4289 836 4352 tellipeudum
854 4295 932 4337 eutem
945 4287 1037 4336 intuita
1048 4287 1084 4336 uel
1097 4287 1175 4336 εἰηιίῖε
1187 4303 1237 4337 eer-

80 4376 111 4424 ἀι
121 4375 203 4430 seruch
217 4376 323 4436 ἐφαπάξ,
343 4375 392 4423 GR.
402 4373 451 4421 and
459 4372 545 4421 Mass.
556 4373 633 4436 adopt
683 4373 747 4422 bum.
784 4372 833 4421 GR.
865 4372 900 4421 Or
912 4373 997 4430 Groeee,
1012 4369 1066 4418 κατ’
1079 4372 1157 4420 αὐτόν.

81 4458 140 4506 inde
154 4458 230 4517 semel,
250 4458 314 4506 t'rom
331 4457 373 4505 the
384 4455 465 4504 Voss
733 4455 743 4486 ³
760 4457 841 4516 λόγον,
856 4455 978 4503 rationem.

130 4538 196 4598 ²In,
213 4539 311 4588 eeMS.
325 4537 406 4587 Voss.
424 4536 524 4586 addidi.
547 4535 634 4585 Sudin-
734 4537 801 4586 *rat
813 4540 835 4585 el
845 4555 912 4586 ποτε.
947 4535 1124 4587 Auctiunrsi.
