2954 4986
225 341 290 406 258
721 357 841 409 nuens

56 529 207 615 uppplcpp·
223 511 387 591 visibilem,
405 513 479 578 talis
501 520 534 578 et
552 512 657 578 factus
673 513 795 577 fuisset.
847 511 882 576 Si
898 520 1007 578 autem
1024 513 1100 578 talis
1117 513 1239 599 ¹qualis
1256 522 1318 591 est,
1346 523 1378 578 et

57 603 208 706 wgifflli·
224 612 292 698 ipse
307 612 383 676 fecit
400 635 472 677 eum
487 613 595 691 talem,
611 613 664 699 qui
682 613 778 676 talem
797 613 924 698 quidem
942 621 1050 678 mente
1067 621 1285 700 conceperat;
1322 623 1381 678 aut

60 741 211 753 --
226 712 258 776 in
273 712 461 797 ’prasentia
478 712 586 778 Patris
603 713 702 778 voluit
723 735 791 777 esse
812 735 883 777 eum
904 714 1079 778 secundum
1100 715 1220 780 mentis
1243 736 1380 798 concep-

225 812 346 878 tionem
373 814 481 886 talem,
503 821 537 877 et
562 813 781 898 compositum,
804 821 838 877 et
864 813 1059 891 mutabilem,
1085 823 1119 878 et
1144 822 1378 879 transeuntem.

227 912 307 978 Cum
331 920 438 977 autem
464 913 507 978 sit
529 913 612 991 talis,
632 913 756 997 qualern
773 912 874 977 Pater
899 912 1135 979 deformaverat
1153 915 1241 998 apud
1262 922 1380 978 semet-

225 1010 338 1097 ipsum,
356 1011 501 1098 ⁸dignam
519 1034 586 1076 esse
605 1012 713 1077 Patris
730 1011 981 1077 fabricationem.
1007 1013 1103 1088 Quod
1115 1023 1227 1078 autem
1244 1014 1380 1078 aPatre

225 1111 442 1175 universorum
459 1118 567 1176 mente
582 1120 770 1197 conceptum
786 1118 835 1176 est
852 1121 887 1177 et
903 1113 1145 1196 praeformatum
1156 1112 1212 1188 sic,
1227 1115 1380 1199 quemad-

226 1211 356 1275 modum
374 1220 407 1274 et
424 1212 546 1275 factum
561 1219 621 1287 est,
646 1212 725 1276 labis
749 1234 817 1276 esse
840 1212 945 1276 dicere
962 1212 1111 1287 fructum,
1133 1221 1166 1278 et
1184 1213 1380 1299 ignorantiae

225 1309 445 1396 prolationem,
464 1332 587 1397 magnae
605 1310 809 1396 blasphemiae
827 1319 885 1376 est.
923 1310 996 1376 Erit
1014 1311 1097 1376 enim
1114 1313 1292 1377 secundum
1309 1312 1378 1377 illos

227 1408 328 1474 Pater
345 1409 483 1474 omnium
499 1412 671 1476 secundum
686 1433 776 1475 suam
792 1410 908 1476 mentis
931 1411 1170 1496 conceptionem
1191 1412 1225 1475 in
1249 1420 1382 1498 pectore

225 1531 283 1575 suo
299 1508 379 1574 labis
396 1509 577 1574 emissiones
594 1518 628 1575 et
644 1510 834 1597 ignorantiae
851 1510 973 1575 fructus
988 1532 1166 1597 generans:
1196 1534 1270 1599 quae
1296 1512 1380 1577 enim

225 1617 335 1674 mente
352 1619 551 1696 conceperat,
569 1611 637 1676 haec
652 1612 739 1676 facta
755 1618 840 1676 sunt.

303 1713 333 1773 2.
386 1709 491 1774 Causa
508 1709 607 1797 igitur
624 1712 797 1797 quaerenda
811 1716 861 1776 est
872 1709 1051 1794 hujusmodi
1069 1710 1290 1796 dispositionis
1309 1713 1379 1788 Dei,

227 1809 283 1875 sed
300 1830 364 1874 non
381 1810 549 1874 fabricatio
566 1811 675 1874 mundi
693 1810 787 1876 alteri
805 1810 1033 1875 adscribenda:
1051 1817 1085 1874 et
1101 1819 1177 1876 ante
1195 1821 1382 1898 praeparata

227 1908 335 1974 omnia
351 1909 487 1974 dicenda
501 1917 576 1976 sunt
600 1934 620 1975 a
638 1909 719 1989 Deo,
737 1919 775 1976 ut
801 1910 925 1987 fierent,
944 1909 1213 1995 quemadmodum
1237 1921 1273 1977 et
1296 1912 1382 1978 facta

229 2016 313 2087 sunt,
336 2009 392 2073 sed
417 2031 481 2072 non
503 2011 617 2075 umbra
640 2018 674 2076 et
694 2010 837 2075 vacuitas
859 2009 1068 2094 confingenda
1092 2022 1151 2075 est.
1205 2011 1380 2090 Caeterum,

229 2110 309 2174 uode
326 2110 488 2175 vocabas?
510 2119 682 2195 quaeretur,
700 2118 808 2175 utrum
826 2111 867 2174 ab
888 2109 1029 2174 omnium
1045 2109 1147 2175 Patre
1164 2117 1199 2175 et
1217 2112 1381 2197 prolatore

229 2210 403 2274 secundum
428 2232 482 2274 eos
515 2218 549 2275 et
573 2210 677 2295 ipsum
701 2210 872 2296 prolatum,
898 2218 932 2275 et
958 2216 1008 2274 est
1024 2210 1173 2296 ⁴aequalis
1199 2211 1324 2276 honore
1348 2221 1381 2276 et

229 2317 402 2397 cognatum
418 2310 546 2396 reliquis
563 2310 730 2386 AEonibus‚
750 2309 834 2374 forte
850 2316 959 2374 autem
976 2316 1010 2374 et
1027 2310 1189 2396 antiquius
1211 2311 1299 2396 ipsis.
1348 2311 1380 2375 Si

229 2417 339 2474 autem
356 2411 398 2474 ab
416 2411 527 2475 eodem
540 2410 687 2475 emissum
700 2418 760 2487 est,
772 2408 873 2474 simile
885 2416 934 2474 est
948 2409 977 2474 ei
995 2409 1048 2495 qui
1065 2411 1180 2486 emisit,
1192 2419 1226 2476 et
1244 2411 1296 2476 his
1313 2434 1381 2476 cum

230 2509 344 2595 quibus
354 2509 501 2575 emissum
515 2518 572 2575 est.
601 2509 785 2575 Necessitas
802 2531 879 2596 ergo
896 2509 958 2574 erit
972 2509 1057 2573 omni
1073 2511 1179 2586 modo,
1192 2518 1226 2576 et
1238 2511 1381 2597 Bythum

229 2607 370 2694 ipsorum
385 2631 457 2673 cum
478 2608 553 2696 Sige
574 2633 674 2676 vacuo
691 2609 824 2674 similem
839 2631 916 2688 esse,
935 2609 995 2674 hcc
1011 2617 1059 2674 est
1076 2632 1211 2675 vacuum
1233 2633 1325 2676 esse:
1350 2618 1383 2676 et

229 2845 329 2896 videtur
350 2853 370 2895 ct
392 2846 543 2909 incenium,
568 2849 619 2897 and
642 2848 781 2897 Srruanrv's
828 2846 914 2896 reader
925 2846 975 2895 will
988 2846 1090 2895 obscrve
1103 2847 1160 2896 that
1172 2848 1243 2896 there
1258 2865 1302 2898 arc
1317 2850 1383 2899 three

230 2928 316 2977 malim
349 2927 494 2978 invisibiter
503 2947 514 2986 ,·
548 2930 592 2978 the
620 2929 781 2978 Benedictine
828 2928 996 2993 suppositione
1012 2928 1141 2976 advonced
1162 2929 1258 2992 bytho
1276 2931 1381 2981 author:

229 3009 310 3059 editor
322 3010 443 3074 imagines
457 3012 500 3060 the
511 3011 593 3060 Greek
605 3027 669 3074 copy
680 3016 707 3059 ιο
718 3011 782 3059 have
827 3010 884 3058 that
893 3009 936 3057 the
942 3007 1027 3067 world,
1037 3023 1065 3056 as
1072 3023 1141 3056 some
1149 3009 1258 3057 heretice
1264 3011 1381 3070 usertcd,

228 3092 279 3141 had
291 3094 417 3155 θεωρητὸν,
429 3094 481 3141 οοιο
492 3100 572 3147 morte
585 3092 779 3155 perciplocdm,
828 3107 880 3140 was
891 3090 1000 3151 eternal;
1012 3090 1068 3138 that
1074 3090 1094 3138 it
1102 3106 1154 3138 was
1165 3092 1268 3140 created
1278 3094 1304 3141 in
1315 3094 1383 3152 time,

229 3170 310 3218 which
343 3171 386 3219 the
415 3171 549 3220 translator
582 3170 780 3219 misunderstood
828 3172 890 3220 with
901 3187 934 3219 no
944 3171 1060 3235 previous
1071 3170 1164 3218 ideaof
1172 3172 1228 3220 itin
1238 3173 1282 3220 the
1294 3173 1383 3222 Divina

228 3265 257 3298 as
271 3251 392 3313 referring
404 3256 431 3298 ιο
442 3251 548 3299 sensible
559 3251 719 3314 percepticn;
735 3251 782 3298 but
827 3252 913 3313 mind;
931 3268 959 3300 or
971 3253 1028 3300 that
1039 3252 1059 3300 it
1070 3251 1167 3300 existed
1179 3268 1207 3301 as
1218 3269 1234 3300 a
1246 3255 1346 3317 portion
1359 3255 1386 3302 of

227 3329 345 3379 risibilem
371 3332 440 3394 quite
462 3333 566 3381 satisfics
588 3334 631 3381 the
653 3349 731 3393 sense,
755 3333 784 3380 of
828 3336 871 3384 the
889 3335 981 3383 Divino
1003 3333 1115 3383 counsels
1132 3333 1196 3382 frum
1213 3335 1249 3382 all
1265 3337 1379 3399 eternity,

229 3413 309 3460 which
324 3414 367 3461 the
379 3413 507 3477 following
524 3415 606 3464 Greek
625 3416 706 3464 words
722 3431 782 3479 may
828 3417 925 3480 though
944 3416 1005 3464 with
1032 3432 1065 3464 no
1087 3416 1210 3479 temporal
1231 3416 1383 3466 subsistence

228 3495 260 3545 be
270 3496 413 3544 considered
425 3502 452 3545 ιο
466 3499 497 3545 be
511 3498 555 3547 the
568 3503 709 3563 exponent;
728 3499 780 3547 ἀλλ’
827 3499 892 3547 until
903 3499 945 3546 the
957 3498 1017 3546 time
1028 3498 1057 3545 of
1064 3499 1096 3546 its
1108 3499 1227 3559 cmation,
1239 3500 1289 3548 and
1298 3501 1328 3548 cf
1334 3501 1382 3548 this

228 3575 251 3620 el
276 3575 320 3632 μὲν
343 3575 435 3622 αἰώνιον
460 3576 532 3624 αὐτὸν
554 3579 586 3638 τῇ
609 3578 685 3637 ἐννοίᾳ
708 3578 781 3626 συνεί·
828 3582 871 3631 the
893 3582 984 3629 author
1000 3597 1057 3628 now
1072 3582 1179 3644 speaks3
1198 3583 1243 3631 the
1260 3584 1340 3632 words
1356 3583 1383 3631 ιο

227 3655 313 3716 haber,
337 3655 422 3717 ὁρατὸν
444 3658 477 3716 δὲ,
497 3658 598 3718 γέγονεν
614 3657 644 3706 ἂν
665 3660 778 3718 τοιοῦτος,
825 3663 956 3727 praecentio
972 3662 1065 3723 Patria,
1088 3680 1116 3712 or
1132 3666 1157 3712 ἐν
1173 3667 1207 3726 τῇ
1227 3668 1273 3714 τοῦ
1289 3668 1382 3728 Harpis

228 3735 271 3785 the
292 3753 363 3786 sense
380 3738 463 3802 being,
481 3739 522 3788 but
538 3738 565 3801 if
577 3738 597 3786 ιι
612 3738 665 3787 lead
680 3740 781 3802 plccscd
827 3746 946 3809 παρουσίᾳ
959 3744 993 3807 (f.
1007 3745 1023 3792 l.
1039 3745 1172 3807 rpcooclpl,
1187 3746 1312 3811 implying
1323 3753 1382 3796 etcr

229 3815 283 3866 eod
297 3824 320 3865 ιο
331 3820 435 3868 conceive
445 3837 480 3868 aa
492 3821 589 3882 mal,
601 3821 690 3883 ampl
700 3821 781 3871 crocle
829 3828 871 3877 nal
887 3828 989 3892 ideality
1000 3828 1026 3877 in
1037 3828 1080 3876 the
1096 3827 1191 3876 Divine
1206 3828 1291 3880 Mind.
1332 3830 1382 3879 fle

227 3893 310 3952 world,
324 3894 429 3943 itwculd
439 3897 498 3945 hocs
509 3898 604 3958 beonoc,
618 3899 661 3947 hc.
675 3899 717 3948 hc.
747 3898 780 3947 In
829 3908 928 3958 ema,
942 3925 1005 3973 copy
1016 3909 1061 3957 has
1072 3907 1154 3968 coluit,
1176 3908 1226 3958 Gn,
1239 3911 1330 3960 οοιιοιι.

226 3974 271 4023 the
283 3975 416 4040 preceding
427 3983 550 4039 sentence,
566 3979 609 4028 the
619 3981 710 4028 author
721 3985 780 4044 puts
878 3987 889 4020 ³
906 3989 944 4037 Cf,
956 3989 1085 4038 Taurum.
1097 3989 1154 4038 adv.
1167 3990 1251 4041 Marc.
1264 4004 1284 4040 1.
1296 4006 1334 4054 13,
1345 4008 1381 4053 ¹4·

227 4071 256 4105 as
277 4072 293 4104 a
315 4072 444 4121 necessary
460 4059 608 4108 alternative
630 4061 709 4110 either
724 4062 781 4111 that
877 4069 888 4102 ⁴
905 4070 1027 4133 AEqoalir.
1045 4071 1193 4134 Legendum
1207 4073 1307 4135 equale,
1321 4076 1384 4124 sicut

227 4137 424 4188 Godconeeived
432 4139 577 4189 theworld’s
585 4143 708 4191 existence
716 4144 780 4192 from
825 4153 958 4215 prolatum,
978 4160 1112 4215 cognatam,
1132 4154 1263 4216 antiquius
1278 4156 1322 4205 hc.
1340 4160 1383 4205 aut

227 4219 261 4268 {ll
272 4221 388 4285 eternlby,
403 4237 431 4270 01·
442 4221 468 4269 ln
482 4221 554 4272 bime:
569 4223 631 4271 both
643 4229 736 4273 cannot
749 4225 780 4273 be
828 4235 913 4298 potius
930 4235 982 4284 haec
999 4235 1083 4283 omnia
1101 4235 1128 4283 in
1146 4234 1280 4285 soeminino
1296 4253 1383 4302 genero

227 4305 290 4362 true,
304 4310 404 4365 utraque
415 4302 562 4370 [ἀμφότερα]
573 4305 735 4357 incredibilia,
828 4317 950 4380 ponenda,
969 4317 1028 4380 quia
1045 4317 1302 4380 ρωοωείιωαιίἰω,
1336 4318 1382 4368 Sed

276 4381 286 4414 ¹
303 4384 342 4433 ie.
355 4384 440 4446 scone
450 4392 489 4433 cst.
829 4412 886 4445 cum
901 4397 927 4444 in
939 4397 1026 4445 Gracc
1041 4397 1073 4445 ob
1083 4412 1172 4446 vocem
1186 4399 1283 4458 κένωμα
1295 4405 1383 4449 cuncta

275 4461 287 4493 ¹
303 4464 381 4513 There
393 4467 413 4513 is
425 4482 458 4514 no
468 4466 526 4516 MS.
537 4467 654 4516 evidence
665 4467 704 4516 for
715 4469 781 4518 Proe·
828 4482 914 4524 neutra
925 4482 1015 4536 essent,
1030 4476 1158 4541 Interpres
1170 4479 1209 4528 sui
1222 4480 1316 4530 oblitus
1327 4481 1384 4530 telin

220 4542 332 4610 κεὀπιίο,
350 4564 379 4600 as
392 4549 531 4617 suggested
544 4550 580 4616 by
592 4549 699 4601 Galus.
728 4551 785 4600 'sse
831 4557 1087 4617 uuocuemversicne
1096 4557 1214 4609 reddidit
1251 4560 1304 4611 Ga.
