2954 4986
234 320 301 387 370
628 335 849 388 rnAEsrrcm
872 336 1036 389 smrours.

96 514 190 570 mun.
233 495 307 552 sunt
319 486 469 565 veritatis,
480 494 513 551 et
527 486 678 551 dicentur.
710 486 755 551 Et
770 510 962 574 quaeeunque
973 489 1057 554 dicta
1071 496 1145 554 sunt
1160 489 1201 554 de
1211 489 1383 578 Demiurgo,

81 561 207 693 ‹iilffi'gfllp
234 590 430 655 ostendentia
453 590 536 675 quod
560 589 611 654 hic
634 589 719 654 solus
741 599 790 654 est
815 591 904 655 Deus
925 599 959 656 et
979 592 1077 655 Pater
1102 592 1336 667 universorum
1358 605 1385 658 et

74 701 222 783 Q
234 716 426 781 quaecunque
441 694 542 758 adhuc
562 693 704 759 dicentur
722 694 754 758 in
776 697 978 781 sequentibus
999 696 1094 774 libris,
1115 696 1266 762 adversus
1287 720 1388 763 omnes

235 798 304 863 dico
319 798 498 872 haeretico&
515 819 570 862 eos
581 797 705 884 quidem
719 798 771 884 qui
787 810 861 863 sunt
875 800 1014 864 mitiores
1026 822 1133 864 eorum
1149 810 1184 865 et
1198 801 1388 866 humaniores

236 906 374 966 ¹avertes
389 910 421 965 et
436 901 616 979 contundes,
639 910 675 966 ut
696 924 760 967 non
781 903 998 989 blasphement
1021 927 1112 968 suum
1135 905 1341 983 conditorem,
1361 915 1390 970 et

235 1008 396 1085 factorem,
412 1016 445 1072 et
459 1008 657 1085 nutritorem,
673 1016 706 1073 et
722 1009 903 1087 Dominum,
919 1033 1018 1097 neque
1032 1011 1071 1075 de
1086 1010 1157 1076 labe
1172 1020 1208 1075 et
1222 1011 1391 1098 ignorantia

235 1111 364 1199 genesin
387 1111 455 1196 ejus
475 1111 641 1196 affingere:
676 1112 794 1177 feroces
820 1122 937 1189 autem,
960 1124 992 1179 et
1018 1113 1194 1191 horribiles,
1219 1124 1253 1178 et
1279 1115 1392 1179 irratio

236 1214 356 1279 nabiles
381 1215 533 1302 effugabis
560 1236 581 1278 a
606 1222 639 1279 te
662 1214 765 1302 longe,
788 1238 828 1280 ne
853 1215 986 1302 amplius
1010 1217 1168 1281 sustineas
1192 1218 1393 1282 verbositates

237 1340 355 1384 eornm.

304 1423 334 1484 2.
380 1420 480 1505 Super
497 1418 565 1483 haec
585 1430 755 1507 arguentur
776 1422 829 1507 qui
851 1431 966 1487 sunta
989 1422 1125 1499 Simone,
1141 1431 1174 1487 et
1197 1422 1393 1509 Carpocrate,

239 1530 271 1587 et
289 1522 316 1587 si
337 1522 390 1609 qui
410 1523 461 1587 alii
476 1522 607 1587 virtutes
622 1524 741 1609 operari
757 1524 922 1590 dicuntur:
947 1547 1009 1589 non
1032 1526 1062 1588 in
1077 1525 1192 1590 virtute
1210 1526 1283 1604 Dei,
1301 1549 1394 1615 neque

239 1625 270 1689 in
282 1626 422 1704 veritate,
432 1648 533 1711 neque
545 1627 595 1690 2ἱιι
606 1627 765 1692 beneficiis
776 1628 953 1693 hominibus
965 1629 1113 1694 facientes
1126 1651 1247 1716 eaquae
1263 1630 1392 1705 faciunt3

238 1730 294 1794 sed
316 1730 348 1793 in
370 1730 538 1815 perniciem
563 1740 596 1795 et
617 1753 763 1809 errorem,
786 1754 841 1815 per
862 1733 1000 1819 magicas
1022 1732 1174 1798 elusiones
1197 1744 1232 1798 et
1254 1735 1395 1800 universa

239 1832 357 1911 fraude,
373 1832 442 1917 plus
456 1832 605 1898 laedentes
620 1856 713 1920 quam
734 1835 901 1899 utilitatem
920 1844 1105 1921 praestantes
1119 1836 1179 1914 his,
1196 1837 1252 1922 qui
1267 1839 1395 1903 credunt

239 1937 295 2015 eia,
311 1937 344 2001 in
359 1960 397 2001 eo
412 1938 495 2022 quod
510 1938 670 2003 seducant.
716 1938 783 2003 Nec
798 1938 880 2004 enim
895 1940 987 2004 caecis
1005 1949 1135 2026 possunt
1149 1941 1269 2007 donare
1287 1943 1394 2021 risum,

240 2062 340 2125 neque
359 2040 461 2106 surdis
475 2041 626 2119 auditum,
642 2063 742 2126 neque
756 2063 864 2107 omnes
878 2042 1035 2107 daemones
1049 2043 1197 2130 effugare,
1214 2053 1332 2129 praeter
1344 2068 1395 2112 eos

240 2143 292 2227 qui
314 2145 354 2208 ab
374 2144 450 2230 ipsis
468 2144 688 2224 immittuntur,
703 2144 730 2210 si
745 2153 850 2210 tamen
865 2154 898 2210 et
912 2147 971 2211 hoc
986 2148 1122 2222 faciunt3
1148 2170 1252 2233 neque
1267 2150 1393 2227 debiles,

240 2256 295 2311 aut
310 2246 447 2325 claudos,
462 2256 518 2312 aut
532 2248 719 2334 paralyticos
733 2270 851 2327 curare,
864 2249 912 2314 vel
926 2250 988 2314 alia
1005 2250 1137 2335 quadam
1153 2260 1245 2337 parte
1259 2253 1395 2338 corporis

240 2359 380 2430 vexatos,
403 2350 663 2435 quemadmodum
688 2373 773 2436 saepe
796 2352 899 2417 evenit
921 2353 987 2417 fieri
1008 2354 1180 2418 secundum
1203 2357 1394 2440 corporalem

240 2455 474 2532 infirmitatem
498 2455 546 2520 vel
562 2478 669 2521 earum
688 2480 758 2541 quau
772 2478 793 2520 a
807 2456 882 2520 foris
900 2457 1047 2521 accidunt
1061 2457 1282 2523 infirmitatum
1300 2461 1395 2524 bonas

240 2559 434 2625 valetudines
449 2569 640 2637 restaurare;
664 2568 788 2625 tantum
808 2568 914 2625 autem
934 2562 1049 2626 absunt
1067 2563 1162 2626 abeo
1180 2571 1218 2627 nt
1240 2572 1393 2628 mortuum

78 2728 225 2819 popano.
242 2720 425 2792 Τοσοῦτον
448 2719 483 2790 <li
508 2719 687 2791 ἀποδέουσι
715 2718 777 2793 τὸν
808 2719 918 2820 νεκρὸν
946 2722 1080 2820 ε’γεῖραι,
1107 2723 1213 2799 καθὼς
1234 2726 1252 2793 ὁ
1273 2724 1394 2824 Κύριος

77 2821 124 2907 ilii
144 2820 226 2861 Μ
242 2840 362 2932 ἤγειρε,
378 2833 431 2903 καὶ
453 2836 486 2902 οἶ
502 2833 696 2904 ἀπόστολοι
719 2832 771 2904 διὰ
787 2842 981 2933 προσευχῆς,
1000 2835 1053 2904 καὶ
1073 2836 1105 2903 ἐν
1121 2838 1165 2928 τῇ
1183 2834 1392 2936 ἀδελφότητι

244 2943 409 3024 πολλάκις
430 2943 481 3016 διὰ
504 2945 548 3018 τὸ
571 2948 759 3039 ἀναγκαῖον,
782 2956 840 3030 τῆς
858 2945 944 3018 κατὰ
965 2949 1073 3018 τόπον
1094 2949 1269 3030 ἐκκλησίας
1288 2948 1394 3033 πάσης

244 3062 462 3145 αἰτησαμένης
479 3058 566 3143 μετὰ
592 3062 741 3143 νηστείας
767 3069 897 3143 πολλῆς
921 3061 974 3131 καὶ
997 3062 1171 3145 λιτανείας,
1196 3064 1394 3162 ἐπέστρεψε

243 3174 287 3247 τὸ
315 3181 441 3258 πνεῦμα
467 3180 530 3244 τοῦ
557 3176 884 3258 τετελελεντηκότος,
911 3174 964 3245 καὶ
989 3176 1154 3277 ε’χαρῖσθη
1179 3177 1197 3245 ὁ
1224 3175 1394 3276 ἅνθρωποι

243 3300 316 3365 ταῖς
335 3290 443 3384 εὐχαῖς
462 3292 527 3358 τῶν
547 3287 649 3379 ἁγίων
651 3341 727 3356 .....

243 3459 391 3537 excitent,
408 3458 667 3544 quemadmodum
688 3458 843 3521 Dominus
864 3456 1024 3537 excitavit,
1039 3466 1072 3523 et
1090 3460 1237 3545 Apostoli
1259 3483 1316 3546 per
1330 3483 1394 3524 ora-

242 3561 371 3640 tionem,
386 3570 419 3626 et
440 3561 473 3624 in
492 3561 687 3625 fraternitate
708 3561 880 3647 saepissime
901 3569 1027 3647 propter
1041 3562 1156 3646 aliquid
1177 3565 1393 3639 necessarium,

242 3688 280 3730 ea
295 3688 364 3751 quae
380 3675 429 3730 est
444 3665 477 3728 in
492 3686 616 3750 quoquo
630 3665 698 3730 loco
720 3665 862 3729 Ecclesia
882 3664 1027 3729 universa
1048 3665 1225 3750 postulante
1243 3691 1300 3753 per
1318 3669 1394 3754 jeju-

241 3771 328 3834 nium
351 3778 383 3834 et
405 3769 663 3856 supplicationem
680 3769 821 3845 multam,
837 3790 978 3833 reversus
1000 3776 1049 3832 est
1070 3769 1197 3854 spiritns
1219 3773 1347 3850 mortui,
1365 3782 1394 3835 et

242 3875 377 3939 donatus
394 3884 443 3937 est
457 3874 551 3938 homo
575 3873 766 3938 orationibus
790 3880 980 3950 sanctorum,
1003 3881 1039 3937 ut
1061 3894 1100 3937 ne
1122 3874 1248 3957 quidem
1269 3877 1395 3941 credant

241 3977 302 4043 hoc
322 3978 354 4040 in
372 3984 474 4041 totum
492 3999 584 4062 posse
603 3977 684 4042 fieri:
712 3982 798 4041 3εειιο
814 3984 919 4041 autem
940 3977 1196 4042 resurrectionem
1213 4001 1234 4044 a
1256 3982 1394 4059 mortuis,

241 4080 434 4167 agnitionem
454 4080 523 4166 ejus
540 4102 609 4165 quae
631 4082 672 4146 ab
687 4081 733 4146 eis
747 4079 869 4159 dicitur,
885 4079 1033 4145 veritatis.

292 4251 302 4283 ¹
319 4254 434 4302 Avertens
451 4259 472 4301 ct
490 4251 640 4314 confundens
658 4253 683 4299 iu
698 4254 793 4316 apponi·
841 4256 1002 4315 counterpart
1010 4251 1035 4298 in
1042 4251 1085 4299 the
1093 4251 1215 4315 apodosis,
1219 4253 1315 4315 seroces
1322 4263 1395 4305 αιαιιιι

242 4332 295 4380 tion
303 4334 364 4381 with
377 4332 439 4391 dico,
451 4349 498 4381 can
510 4332 618 4396 scarcely
625 4333 656 4380 be
667 4333 792 4396 accepted,
844 4331 1012 4393 ...effupulrir
1023 4348 1039 4379 a
1049 4340 1070 4380 te
1081 4332 1155 4394 torpa.

242 4429 270 4461 as
287 4413 382 4462 Garun
398 4420 520 4478 suggests,
534 4415 573 4462 for
587 4430 648 4463 sven
662 4430 678 4461 a
688 4414 795 4477 possible
892 4412 904 4443 ⁹
920 4414 936 4461 i.
945 4430 966 4462 e.
980 4413 1007 4461 ιἰν
1018 4414 1138 4476 benefitio,
1152 4415 1194 4463 ἐπ’
1206 4419 1360 4480 εὐεργεσίαις,

241 4491 359 4553 roading;
387 4493 430 4539 tho
452 4493 564 4554 protasio,
586 4507 623 4540 cor
641 4491 792 4554 quidem...
893 4493 1076 4558 ³Explicatius
1100 4496 1307 4549 Tusrnnnrasus
1330 4502 1394 4551 ntor.

118 4520 331 4664 Numer
347 4579 367 4621 rt
383 4572 522 4635 εοιηιιπιὶα,
543 4574 587 4624 has
606 4578 648 4623 too
662 4574 765 4623 marked
780 4590 796 4622 a
845 4575 876 4626 de
891 4576 1022 4627 Roeamm
1036 4578 1100 4641 (cap.
1117 4578 1163 4643 ιο).
1195 4580 1396 4635 Resurrectionem
