2954 4986
242 308 309 373 364
665 322 706 373 nu
733 320 974 375 unonunoun

75 500 230 543 unumne
244 475 364 541 inutilis
381 475 555 561 conceptio,
571 482 604 542 et
621 476 662 541 ad
676 475 807 541 nihilum
821 482 907 562 apta,
930 474 1007 540 nihil
1028 475 1113 539 euim
1134 496 1192 560 per
1205 494 1264 540 eos
1277 482 1396 559 apparet

88 548 217 679 {iiiiii
243 581 371 645 factum.
419 579 480 663 Qui
505 587 612 645 autem
637 579 770 645 emissus
796 587 846 645 est
870 578 1043 645 seeundum
1066 600 1122 644 eos
1152 578 1255 655 Deus,
1282 576 1398 642 inferior

243 682 319 770 ipsis
333 683 489 749 exsistens
503 683 677 748 secundum
691 682 996 771 argumentationem
1008 703 1126 761 eorum,
1137 682 1308 747 animalem
1322 680 1398 746 enim

242 808 314 852 eum
338 808 408 851 esse
427 784 545 863 volunt,
568 785 600 849 in
622 787 727 851 omnia
750 797 906 872 operator,
925 795 959 852 et
978 786 1101 863 efficax,
1119 794 1154 850 et
1170 784 1321 871 aptabilis
1335 784 1398 863 luit,

243 891 289 955 uti
312 914 367 976 per
390 913 462 956 eum
477 891 614 955 omnium
630 890 782 977 imagines
795 890 925 957 fierent:
949 898 982 955 et
996 912 1059 954 non
1073 898 1198 954 tanturn
1215 912 1288 976 quoe
1301 889 1399 954 uiden·

242 1002 295 1058 tur
319 994 398 1070 hrec,
422 994 478 1057 sed
501 1002 534 1058 et
559 993 734 1071 invisibilia,
761 993 887 1080 Angeli,
917 992 1118 1079 Archangeli,
1150 992 1398 1071 Dominationes,

245 1097 435 1175 Potestates,
452 1106 484 1162 et
501 1097 655 1175 Virtutes,
671 1120 726 1183 per
740 1097 823 1162 hunc
838 1097 943 1161 omnia
957 1098 1040 1161 iacta
1060 1104 1145 1173 sunt,
1161 1096 1308 1161 videlicet
1321 1095 1399 1161 velut

243 1223 300 1287 per
314 1201 481 1279 meliorem,
497 1208 530 1265 et
545 1200 597 1285 qui
617 1201 717 1287 possit
730 1200 882 1266 voluntati
904 1200 1067 1266 deservire.
1113 1200 1201 1264 Nihil
1218 1210 1326 1265 autem
1349 1223 1400 1285 per

243 1303 302 1367 hos
325 1302 464 1367 Matrem
481 1312 612 1387 apparet
635 1304 756 1381 iecisse,
776 1304 1037 1389 quemadmodum
1055 1311 1089 1368 et
1110 1303 1171 1389 ipsi
1193 1305 1397 1376 confitentur,

243 1404 289 1468 uti
312 1404 400 1489 juste
422 1405 491 1488 quis
513 1405 648 1470 aestimet
670 1428 724 1471 eos
745 1406 889 1470 abortum
907 1405 1001 1471 luisse
1023 1405 1105 1471 male
1120 1405 1273 1491 parientis
1289 1406 1399 1471 Matris

243 1506 391 1594 ipsorum.
422 1507 495 1573 Non
510 1508 592 1573 enim
608 1509 791 1574 obstetrices
805 1531 874 1574 eam
890 1509 1180 1586 obstetricaverunt,
1190 1518 1225 1574 et
1239 1518 1400 1596 propterea

244 1611 328 1677 velut
349 1613 493 1677 abortum
515 1613 645 1699 projecti
667 1619 751 1689 sunt,
778 1612 810 1675 in
836 1611 966 1676 nihilum
986 1612 1088 1689 utiles,
1113 1612 1155 1676 ad
1178 1612 1301 1676 nullum
1326 1634 1399 1697 opus

243 1716 319 1782 facti
346 1715 455 1781 Matri.
500 1715 545 1780 Et
568 1724 667 1780 semet
693 1715 836 1780 meliores
859 1724 972 1780 vocant
997 1738 1034 1781 eo
1060 1738 1235 1801 perquem
1259 1724 1399 1780 tantast

243 1820 320 1884 talia
333 1821 502 1885 factasunt
516 1827 549 1883 et
563 1818 723 1904 disposita,
740 1818 863 1903 quando
878 1826 911 1883 et
925 1841 980 1905 per
993 1841 1083 1884 suam
1097 1820 1398 1905 argumentationem

245 1928 412 2009 ¹perquam
426 1922 586 1987 inferiores
600 1921 733 1985 multum
749 1921 956 1986 inveniuntur.
980 1922 1031 1986 Ac
1042 1920 1125 1986 velut
1136 1922 1198 1987 duo
1213 1924 1399 1988 ferramenta

243 2028 394 2114 operaria,
421 2026 469 2091 vel
494 2047 611 2112 organa
636 2025 698 2090 duo
721 2047 793 2090 cum
817 2025 891 2102 sint,
916 2048 956 2089 ex
979 2025 1091 2111 quibus
1114 2025 1250 2091 alterum
1276 2026 1397 2112 quidem

243 2152 367 2216 semper
388 2130 421 2193 in
442 2130 586 2194 manibus
608 2137 640 2193 et
662 2128 695 2193 in
717 2150 776 2193 usu
796 2128 909 2193 artilex
932 2128 1056 2207 habeat,
1079 2137 1112 2193 et
1131 2151 1186 2215 per
1208 2130 1286 2194 iliud
1307 2130 1398 2195 iaciat

244 2244 361 2321 quanta
383 2232 467 2310 velit,
494 2241 527 2297 et
549 2232 693 2297 ostendat
721 2239 822 2296 artem
851 2238 884 2296 et
913 2231 1097 2318 sapientiam
1127 2254 1237 2308 suam;
1268 2233 1398 2299 alterum

243 2346 349 2402 autem
364 2358 496 2401 vacuum
511 2343 606 2420 atque
623 2334 759 2400 otiosum
782 2343 967 2420 perseveret,
989 2344 1021 2399 et
1042 2335 1110 2400 sine
1133 2337 1323 2422 operatione,
1346 2359 1398 2423 per

244 2441 327 2525 quod
348 2440 424 2504 nihil
444 2439 570 2503 omnino
588 2446 717 2525 apparet
735 2437 852 2502 faciens
874 2438 996 2515 artifex,
1013 2446 1045 2503 et
1065 2438 1097 2501 in
1111 2439 1228 2504 nullam
1243 2441 1396 2505 actionem

243 2567 282 2609 eo
296 2553 408 2609 utens:
432 2543 543 2608 deinde
565 2542 649 2607 dicat
671 2541 741 2627 quis
757 2541 866 2606 inutile
880 2540 939 2606 hoc
954 2549 987 2605 et
1001 2563 1132 2606 vacuum
1147 2550 1243 2627 atque
1264 2545 1395 2609 otiosum

243 2648 353 2713 melius
367 2670 436 2712 esse
451 2655 483 2712 et
498 2646 594 2733 pluris
608 2646 660 2710 illo
675 2668 736 2730 quo
751 2645 848 2709 utitur
862 2645 894 2708 in
915 2667 1017 2731 opere,
1032 2667 1087 2731 per
1101 2645 1184 2729 quod
1199 2655 1231 2710 et
1244 2647 1395 2734 glorifica·

243 2760 295 2815 tur
309 2751 376 2836 ipse
397 2750 528 2813 artilex:
552 2749 603 2813 hio
626 2748 722 2834 igitur
740 2749 859 2813 ²hebes
880 2770 949 2813 esse
964 2749 1050 2833 juste
1064 2747 1267 2813 arbitrabitur
1281 2750 1333 2835 qui
1354 2750 1394 2815 sit

242 2853 323 2931 talis,
339 2861 372 2917 et
386 2851 500 2916 mentis
514 2873 579 2915 sure
595 2873 657 2915 non
672 2872 808 2937 compos.
841 2853 895 2917 Sic
908 2861 1014 2917 autern
1028 2861 1060 2917 et
1074 2851 1117 2928 hi,
1133 2862 1233 2917 semet
1241 2854 1395 2938 spiritales

242 2967 275 3022 et
300 2957 442 3022 meliores
465 2954 614 3032 dicentes,
639 2964 671 3018 et
696 2954 903 3042 Demiurgum
927 2955 1103 3031 animalem,
1125 2964 1158 3020 et
1184 2965 1313 3041 propter
1336 2957 1393 3021 hoc

241 3060 510 3149 superascendere,
534 3066 567 3123 et
587 3058 669 3122 intra
693 3057 839 3123 Pleroma
860 3068 1023 3145 penetrare
1044 3059 1085 3123 ad
1106 3058 1189 3124 viros
1214 3082 1299 3136 snos,
1321 3070 1393 3126 sunt

241 3165 325 3230 enim
347 3164 483 3230 soemiuae
504 3161 764 3248 quemadmodum
787 3161 846 3245 ipsi
870 3163 1067 3239 confitentur,
1092 3161 1196 3226 Deum
1219 3172 1327 3228 autern
1350 3164 1393 3228 in-

240 3269 384 3333 feriorem
408 3275 441 3333 et
466 3275 592 3352 propter
619 3265 679 3330 hoe
702 3285 828 3330 manere
850 3264 883 3329 in
907 3265 1082 3344 medietate,
1105 3274 1139 3330 et
1165 3267 1259 3351 hujus
1278 3269 1392 3332 nullam

240 3370 452 3436 ostensionem
473 3369 656 3433 afferentes:
681 3365 733 3452 qui
752 3366 836 3431 enim
859 3367 968 3432 melior
988 3376 1045 3442 est,
1062 3391 1102 3433 ex
1120 3368 1267 3455 operibus
1291 3379 1392 3436 osten·

240 3473 341 3537 ditur:
365 3472 470 3535 omnia
484 3471 566 3535 enim
581 3492 676 3555 opera
689 3492 709 3533 a
726 3469 896 3557 Demiurgo
912 3471 995 3535 saeta
1016 3480 1109 3547 sunt;
1132 3493 1188 3558 per
1210 3474 1393 3558 semetipsos

239 3584 346 3641 autem
369 3573 446 3638 nihil
469 3572 599 3661 dignum
625 3571 746 3637 ratione
774 3572 891 3637 iactum
917 3573 1080 3639 ostendere
1106 3574 1269 3653 habentes,
1293 3576 1390 3642 insani

239 3687 313 3747 sunt
327 3700 450 3744 summa
464 3686 496 3743 et
510 3675 672 3741 insanabili
687 3676 815 3740 insania.

306 3791 336 3849 5.
363 3783 396 3848 Si
420 3791 526 3847 autem
551 3780 767 3846 contenderint
790 3779 902 3858 dicere,
930 3779 1076 3867 quoniam
1102 3803 1296 3868 quaecunque
1321 3790 1392 3848 sunt

240 3885 364 3972 quidem
386 3885 568 3961 materialia,
591 3893 722 3969 utputa
746 3882 870 3962 coelum,
892 3893 925 3948 et
948 3884 1110 3950 universus
1130 3885 1184 3970 qui
1203 3884 1285 3951 infra
1304 3891 1392 3951 ³eum

239 3991 415 4056 continetur
443 3989 588 4067 mundus,
615 4011 635 4053 a
665 3988 839 4076 Demiurgo
868 3988 953 4053 lacta
975 3997 1071 4064 sunt;
1106 3998 1261 4076 quotquot
1289 4000 1392 4056 autem

237 4094 425 4182 spiritaliora
449 4093 508 4171 his,
533 4093 585 4157 illa
607 4116 677 4178 qum
700 4102 774 4158 sunt
800 4115 894 4179 super
915 4093 1039 4173 coelum,
1062 4100 1198 4179 utputa
1224 4095 1391 4183 Principia,

239 4254 355 4302 Snrnnmt
364 4253 446 4316 copies
456 4252 508 4300 him
515 4269 522 4313 3
533 4251 583 4300 and
594 4251 615 4301 it
625 4251 646 4300 ia
657 4258 703 4300 not
713 4249 792 4300 found
840 4251 872 4300 εἰς
888 4251 955 4299 οὐδὲν
970 4251 1086 4312 χρησίμη.

238 4336 264 4385 in
273 4336 316 4384 the
323 4335 423 4385 Cnnnnr.
436 4351 499 4400 copy
505 4352 512 4395 ;
522 4335 574 4383 still
583 4335 626 4384 the
634 4334 789 4384 otherMSS.
888 4331 898 4364 ¹
915 4333 984 4390 μάλα
994 4334 1088 4395 σφόδρα
1100 4332 1221 4384 ἐλάττους.

174 4422 181 4433 “
238 4417 301 4464 hauc
312 4417 340 4477 it,
354 4417 467 4465 auditis
479 4416 599 4465 therefore
610 4415 720 4464 retained
731 4433 737 4476 ;
748 4416 791 4463 tho
887 4412 899 4445 ¹
914 4415 967 4464 'l'he
979 4414 1055 4464 MSS.
1069 4432 1142 4480 agree
1157 4417 1182 4464 in
1198 4417 1242 4466 the
1254 4417 1314 4467 false
1326 4418 1390 4466 read·

238 4498 321 4545 Greek
342 4514 402 4561 may
424 4498 486 4546 bavo
504 4498 574 4555 been,
599 4498 638 4544 καὶ
656 4496 672 4553 ἡ
690 4498 729 4544 διὰ
746 4497 791 4544 τοῦ
837 4496 882 4559 ing
892 4495 989 4546 babens.

238 4580 350 4641 Σωτῆρος
361 4577 471 4643 [θεωρίας
481 4577 527 4645 so]
539 4581 659 4640 σνἊληψις
674 4578 737 4637 κινῇ,
751 4579 791 4626 καὶ
886 4576 898 4609 ²
913 4594 974 4641 cunr,
988 4579 1092 4643 odwin,
1105 4595 1136 4630 sc.
