2954 4986
492 348 572 396 ama
594 349 652 396 aar
676 351 831 400 nunnus.
1168 345 1233 414 271

82 500 244 588 caliginem
265 501 348 566 enim
371 510 567 568 convertetur
587 503 757 569 seeundum
779 525 834 569 eos
856 511 888 568 et
910 505 1119 573 obcaecabitur
1133 517 1398 622 pater-qpquqp.

81 630 156 673 num
167 609 271 675 lumen
285 632 402 689 eorum,
417 618 450 676 et
462 611 585 678 deficiet
599 612 632 677 in
645 612 696 679 bis
710 634 780 699 quae
794 620 869 678 suut
882 613 1047 680 vacuitatis
1058 615 1145 696 locis,
1162 639 1235 682 cum
1263 628 1344 713 „2ss
1352 674 1383 714 n·

81 712 207 776 minime
225 713 322 797 possit
336 712 503 799 adimplere
518 714 632 779 omnia.
1286 721 1330 760 r¹1¹·
1339 722 1358 760 2·

146 819 176 879 2.
231 813 305 878 Non
327 814 422 900 igitur
439 816 507 900 jam
528 815 634 881 dicant
660 814 807 881 Pleroma
830 837 900 882 esse
926 818 1066 883 omnium
1092 818 1234 906 Bythum

80 916 235 1002 ipsorum3
258 915 412 1002 siquidem
427 915 459 979 id
474 916 557 1003 quod
571 925 621 982 εει
634 939 767 983 vacuum
786 926 819 982 et
838 919 949 984 umbra
965 940 1066 1007 neque
1083 920 1234 1007 adimple-

79 1019 247 1104 vitaeque
271 1017 474 1082 illuminavit:
506 1027 562 1083 aut
588 1019 702 1085 iterum
725 1022 868 1085 umbram
889 1031 923 1087 et
948 1043 1080 1088 vacuum
1105 1033 1234 1109 praeter-

79 1122 218 1197 mittant,
251 1121 405 1207 siquidem
432 1121 582 1207 adimplet
615 1123 720 1187 omnia
749 1131 915 1208 paternum
951 1123 1088 1211 ipsorum
1116 1125 1233 1192 lumen.

81 1224 191 1311 Neque
213 1223 308 1311 igitur
325 1232 415 1289 extra
433 1224 568 1310 primum
591 1225 731 1304 Patrem,
749 1226 782 1289 id
803 1235 853 1292 εει
874 1226 928 1314 qui
949 1228 1165 1314 superomnia
1184 1238 1234 1295 est

81 1327 178 1405 Deus,
193 1338 249 1393 aut
264 1327 410 1392 Pleroma
423 1327 540 1414 aliquid
554 1349 623 1393 esse
637 1336 751 1414 potest,
774 1328 808 1393 in
829 1330 913 1416 quod
928 1329 1135 1416 Enthymesin
1149 1330 1234 1417 pessi

80 1429 198 1494 AEonis
212 1428 408 1494 descendisse
422 1429 539 1507 dicunt,
554 1437 590 1495 ut
604 1451 667 1494 non
680 1429 847 1494 definiatur
860 1439 893 1496 et
907 1431 1178 1497 circumscribatur
1191 1435 1233 1499 ab
1260 1444 1264 1454 '

79 1532 183 1618 coqui
198 1540 247 1597 εει
261 1540 360 1610 extm,
378 1540 410 1596 et
424 1531 620 1597 contineatur
633 1532 736 1618 ipsum
753 1532 909 1612 Pleroma,
924 1534 972 1599 rel
986 1533 1105 1620 primus
1119 1533 1230 1601 Deus:

80 1639 200 1722 ¹neque
229 1657 361 1701 vacuum
391 1657 470 1712 esse,
497 1643 554 1700 aut
582 1636 725 1700 umbram
752 1635 864 1720 capiet,
894 1656 966 1701 eum
990 1637 1058 1722 jam
1086 1645 1161 1704 ante
1189 1639 1232 1704 sit

79 1739 185 1817 Pater,
207 1739 254 1804 uti
267 1761 307 1804 ne
325 1738 449 1803 deficiat
461 1738 565 1803 lumen
579 1739 657 1824 ejus,
681 1746 715 1803 et
736 1737 902 1804 definiatur
915 1739 948 1804 in
962 1761 1105 1806 vacuum.
1150 1741 1231 1806 Irra-

77 1842 192 1908 tiouale
213 1851 262 1908 est
282 1850 389 1908 autem
406 1850 439 1908 et
457 1841 586 1927 impium
607 1841 784 1907 adinvenire
805 1841 918 1921 locum,
941 1841 974 1905 in
994 1864 1055 1929 quo
1077 1850 1180 1909 cessat
1198 1854 1232 1910 et

77 1946 172 2010 finem
200 1945 295 2010 habet
324 1945 377 2032 qui
406 1953 455 2010 cst
480 1944 650 2010 seeundum
676 1966 732 2011 eos
757 1944 913 2031 Propator
941 1953 975 2010 et
999 1945 1168 2025 Proarche,
1198 1956 1232 2013 ει

19 2059 57 2097 m
77 2049 215 2112 omnium
236 2048 333 2113 Pater
353 2056 385 2112 et
407 2048 500 2132 hujus
521 2046 720 2113 Pleromatis.
765 2046 832 2112 Nec
854 2069 960 2114 rursm
978 2047 1013 2113 iu
1033 2048 1139 2114 Patris
1159 2049 1231 2116 sinu

76 2151 208 2216 alterum
233 2152 388 2238 quendem
404 2151 506 2217 dicere
528 2158 650 2215 tantam
674 2150 843 2216 fabricasse
865 2151 1076 2217 conditionem
1099 2152 1148 2217 fae
1169 2161 1229 2231 est,

77 2256 123 2322 rel
159 2255 382 2334 consentiente,
411 2253 459 2320 vel
488 2275 552 2319 non
580 2254 796 2320 consentiente
829 2277 877 2332 eo,
907 2263 1033 2342 propter
1063 2256 1229 2341 praedictas

76 2380 196 2425 causas.
253 2357 389 2444 Impium
418 2365 467 2423 est
492 2356 576 2422 enim
597 2356 739 2422 similiter
761 2364 795 2422 ει
817 2357 945 2423 demens
972 2359 1084 2436 dicere,
1107 2365 1229 2423 tantam

76 2461 286 2528 conditionem
318 2463 359 2526 ab
393 2459 522 2547 angelis,
555 2468 612 2525 aut
639 2461 680 2525 ab
709 2459 875 2525 emissione
903 2460 1037 2547 quadam
1065 2459 1229 2546 ignorante

76 2586 181 2630 verum
196 2565 310 2643 Deum,
331 2564 363 2629 iu
388 2563 438 2629 bis
463 2571 629 2650 quaeunt
651 2563 758 2651 ipsius,
784 2562 993 2629 ²fabricasse:
1021 2584 1121 2649 neque
1146 2562 1229 2627 intra

77 2665 222 2731 Pleroma
236 2667 382 2753 ipsorum,
397 2688 469 2732 eum
480 2665 522 2731 sit
534 2665 711 2730 universum
723 2663 871 2750 spiritale,
884 2686 922 2729 ea
936 2685 1006 2751 quae
1019 2670 1095 2728 sunt
1105 2670 1228 2729 terrena
1240 2692 1300 2777 erp
1309 2694 1352 2741 aa.

75 2777 108 2834 et
128 2770 238 2835 choica
252 2769 397 2855 possibile
418 2769 502 2834 facta
522 2790 610 2834 esse:
634 2767 691 2834 sed
711 2789 752 2832 ue
774 2767 899 2853 quidem
913 2766 1084 2832 secundum
1104 2765 1229 2831 illorum
1240 2748 1260 2777 'l
1283 2766 1288 2778 '

75 2873 253 2960 imaginem,
283 2895 354 2938 eum
379 2873 526 2937 dicuutur
546 2870 638 2957 pauci
659 2878 692 2936 et
720 2869 831 2935 similia
859 2869 1053 2935 formationis
1073 2876 1107 2934 et
1129 2891 1227 2934 unum

74 2996 153 3053 esse,
168 2975 313 3060 possibile
327 2981 376 3040 est
390 2982 423 3040 et
437 2996 506 3061 qnae
521 2980 596 3039 sunt
609 2971 733 3037 ³multae
748 2970 934 3036 conditionis
954 2978 987 3036 et
1006 2972 1162 3036 contraria
1179 2972 1225 3035 in-

73 3077 173 3142 vicem
187 3076 270 3141 facta
284 3098 363 3142 esee.

138 3183 170 3246 3.
217 3179 331 3244 Falsus
345 3186 452 3244 autem
465 3175 619 3265 apparuit,
634 3183 668 3240 et
682 3175 734 3262 qui
749 3182 799 3240 est
814 3174 853 3239 de
867 3174 977 3239 umbra
991 3174 1173 3253 oenomaus,
1192 3174 1226 3239 id

72 3290 122 3349 est
135 3281 234 3360 vacui,
250 3281 388 3366 ipsorum
402 3301 504 3345 sermo
518 3277 690 3343 secundum
705 3275 820 3342 omnia.
852 3275 963 3363 ltaque
978 3297 1110 3340 vacuum
1120 3283 1226 3341 osteu-

72 3408 143 3451 sum
153 3393 202 3450 est
213 3385 398 3472 figmentum
412 3404 530 3460 eorum,
542 3388 575 3445 et
589 3380 771 3445 inconstans
785 3377 945 3444 doctrina:
968 3377 1058 3443 vacui
1072 3385 1179 3443 autem
1193 3387 1227 3445 et

72 3489 105 3552 hi
120 3487 173 3574 qui
187 3487 354 3553 attendunt
368 3486 423 3565 eis,
440 3506 510 3550 vere
524 3484 578 3548 ⁴in
593 3483 779 3570 profundum
794 3479 975 3569 perditionis
989 3480 1225 3547 descendentes.

18 3614 58 3653 aa
74 3590 229 3672 Quoniam
250 3589 375 3675 quidem
400 3596 449 3653 est
474 3585 581 3651 mundi
610 3585 778 3651 fabricator
803 3584 902 3663 Deus,
931 3590 1056 3649 constat
1079 3592 1112 3649 et
1138 3583 1225 3669 ipsis,

73 3692 125 3779 qui
140 3691 245 3758 multis
259 3691 360 3758 modis
372 3689 588 3756 contradicunt
602 3689 641 3768 ei,
657 3697 690 3754 et
704 3687 892 3754 confitentur
905 3707 988 3764 eum,
1004 3686 1225 3752 fabricatorem

72 3816 144 3859 eum
165 3803 312 3859 vocantes
333 3802 367 3858 et
387 3791 533 3878 angelum
555 3792 713 3856 dieentes:
745 3796 780 3853 ut
811 3810 874 3853 non
902 3787 1052 3866 dicamne,
1079 3788 1225 3875 quoniam

72 3918 180 3962 omnes
201 3896 338 3962 clamant
361 3894 540 3980 Scriptura,
561 3900 594 3957 et
614 3892 770 3956 Dominus
788 3891 871 3956 bunc
895 3891 1025 3956 Patrem
1048 3891 1101 3978 qni
1122 3900 1171 3957 est
1192 3892 1225 3955 in
1238 3919 1387 4003 recepere.

72 3999 158 4064 eoelis
173 3999 274 4079 docet,
288 4006 322 4064 et
336 4019 399 4063 non
410 3997 524 4062 alium:
549 3995 810 4083 quemadmodum
824 3994 1024 4060 ostendemus
1038 3995 1225 4081 procedente
1238 3966 1297 4005 'm‘
1329 3966 1361 4005 'i

71 4124 223 4170 Sermone.

120 4265 129 4298 ¹
148 4267 226 4317 Gracc
243 4269 295 4317 οὐδὲ
312 4265 340 4317 τὸ
358 4267 423 4316 κενὸν
438 4266 504 4326 εἶναι,
523 4264 539 4326 ἢ
554 4266 624 4315 σκιὰν
724 4260 822 4311 ’enada
833 4261 854 4311 is
864 4268 909 4311 not
920 4276 953 4311 an
964 4260 1076 4326 unlilrely
1083 4257 1187 4324 reading
1197 4274 1226 4311 aa

72 4348 197 4408 ἑνδέξεται,
217 4347 245 4396 id
261 4356 300 4409 eat,
319 4363 393 4410 aeque
409 4346 468 4409 fieri
481 4347 577 4410 poteria
595 4353 624 4395 aet
674 4347 831 4412 represented
843 4348 868 4395 in
886 4348 925 4395 καὶ
936 4347 969 4394 τὰ
980 4346 1063 4393 πολλὰ
1074 4346 1116 4402 rin
1128 4344 1228 4395 erlem

70 4445 180 4490 mam,
194 4438 238 4479 arat
248 4431 336 4480 ambra
346 4431 385 4480 rit.
409 4429 476 4479 Sica.
485 4427 521 4489 16,
535 4429 565 4478 El
575 4429 624 4479 fuae
675 4430 954 4488 antemuralem.
982 4425 1071 4476 rantis
1085 4422 1228 4477 omittedin

70 4510 166 4575 quidem
181 4510 210 4560 ia
224 4511 361 4561 bominibus
376 4511 441 4575 capit
452 4511 512 4561 dici.
531 4511 605 4561 Bm.
674 4512 718 4560 the
728 4512 779 4559 Aa.
793 4510 851 4559 MS.

121 4590 132 4623 ¹
142 4593 289 4656 fabricam,
300 4594 316 4643 i.
325 4609 346 4643 e.
359 4591 474 4656 Battum.
725 4590 736 4621 ⁴
752 4592 785 4641 εἰς
796 4591 837 4639 τὸν
848 4586 922 4652 βυθὸν
932 4589 976 4650 τῆς
986 4588 1003 4639 d
