2954 4986
231 334 297 397 342
543 343 584 394 IN
612 340 818 394 SINISTRAM
846 335 1094 390 SUPPUTATIO.

90 519 155 602 ΒΒΒ
162 518 190 555 Β
233 499 387 575 dextram,
411 497 443 560 id
468 504 517 563 est
503 496 579 561 tad
602 494 671 561 illas
693 516 763 580 quae
787 500 860 557 sunt
883 491 993 555 salutis
1022 487 1200 574 nonaginta
1226 494 1259 550 et
1281 504 1377 547 norem

77 610 163 695 iffi
170 607 212 692 ,¹1¹
235 624 317 681 oves,
348 624 418 688 quae
448 623 511 667 uon
536 599 705 686 perierunt,
730 596 824 661 sed
816 620 848 660 rn
874 595 944 660 ovili
973 598 1228 680 permanserunt,
1257 588 1378 653 sinistre

104 711 161 739 ων
168 701 186 738 ‘l
235 726 345 768 manus
360 705 557 778 exsistentes,
570 701 722 766 ¹levamen
735 720 797 762 uon
808 719 877 762 esse
887 696 998 760 salutis
1008 693 1187 759 consentire
1202 713 1258 756 eos
1268 709 1380 755 neeesse
1390 702 1433 739 ΗΒ

73 775 188 782 ...-
235 813 292 870 est.
335 804 379 868 Et
394 804 454 869 hoo
470 804 624 890 quodnon
639 800 780 866 similiter
794 799 927 864 eundem
942 818 1105 861 numerum
1120 796 1229 870 habet,
1245 799 1383 878 cogentur

234 906 378 982 sinistrae,
395 905 427 969 id
442 913 491 969 est
506 903 712 989 corruptionis
729 902 888 967 confiteri:
912 908 945 965 et
966 900 1025 964 hoc
1043 919 1160 962 nornen
1184 895 1269 981 quod
1285 895 1384 957 Graeee

236 1007 349 1073 dieitur
371 1009 493 1093 Ayupo,
516 1006 687 1071 secundum
715 1006 896 1068 Graecorum
918 1003 1033 1078 literas,
1057 1022 1113 1086 per
1137 1021 1217 1084 quas
1240 997 1322 1082 apud
1338 1018 1385 1060 eos

235 1110 416 1195 supputatio
431 1109 583 1196 signatur,
599 1107 771 1194 nonaginta
788 1115 820 1171 et
840 1114 904 1170 tres
922 1126 1083 1169 numemm
1106 1103 1240 1177 hahens,
1255 1098 1387 1165 similiter

234 1212 368 1277 sinistrae
383 1233 494 1277 manus
508 1212 648 1276 levamen
663 1218 730 1275 est:
747 1217 780 1274 et
792 1208 919 1280 Aletlio
934 1229 1056 1292 qnoque
1068 1205 1215 1269 similiter
1226 1203 1386 1267 secundum

235 1314 445 1400 supradictam
474 1313 627 1378 rationem
656 1311 820 1397 sexaginta
849 1319 980 1396 quatuor
1008 1330 1173 1372 numerum
1203 1307 1333 1380 habens,
1360 1303 1388 1366 iu

236 1424 324 1501 parte
339 1415 545 1480 materialium
559 1414 720 1479 subsistit:
745 1421 778 1478 et
793 1413 896 1477 omnia
911 1412 1036 1476 omnino
1054 1431 1252 1496 quaecunque
1275 1417 1387 1472 sancto

236 1539 304 1582 rum
320 1517 446 1583 nomina
461 1537 524 1581 non
538 1515 710 1601 adimplent
724 1537 885 1580 numerum
901 1522 1036 1591 centum,
1048 1515 1104 1578 sed
1119 1513 1260 1576 sinistrae
1274 1520 1388 1576 tantum

236 1620 353 1687 babent
365 1641 520 1696 numeros,
533 1617 744 1703 corruptibilia
759 1627 792 1682 et
806 1617 978 1682 materialia
991 1638 1061 1681 esse
1076 1615 1221 1681 confiteri
1236 1622 1388 1702 cogentur.

646 1882 748 1948 err.
772 1882 968 1946 xxxvrr.
1026 1935 1044 1973 ,

240 2022 400 2097 Osteusro
424 2022 520 2121 quod
541 2048 605 2095 neo
630 2019 827 2095 secuudum
841 2020 1011 2118 firrmom
1030 2020 1256 2094 Pleromatis
1273 2045 1388 2093 coruus

303 2140 415 2236 fecto
445 2140 516 2214 aiot
542 2166 621 2238 quoe
643 2139 763 2237 fecte,
794 2164 907 2236 omae
937 2163 1066 2211 rursus
1099 2163 1193 2210 vose
1220 2151 1254 2210 ct
1282 2149 1389 2235 prout

316 2269 438 2329 ruerat.

241 2424 268 2483 l.
315 2421 352 2484 Sr
366 2420 436 2505 quis
449 2428 555 2484 autem
573 2421 614 2484 ad
631 2421 700 2484 baeo
722 2419 845 2496 dixerit,
863 2419 944 2501 Quid
960 2420 1055 2505 ergo!
1077 2423 1135 2482 ²an
1150 2440 1267 2484 vanum
1289 2427 1346 2498 ost,
1362 2429 1391 2484 et

239 2528 274 2584 ut
293 2521 434 2605 provenit
456 2529 488 2585 et
510 2522 669 2585 nominum
688 2521 857 2607 positiones
876 2529 960 2597 sunt,
976 2531 1008 2586 et
1029 2522 1256 2607 Apostolomm
1276 2526 1390 2602 electio,

239 2630 271 2686 et
283 2622 410 2686 Domini
425 2622 572 2707 operatio,
586 2631 736 2688 eteorum
752 2646 821 2708 quae
836 2623 919 2688 facta
933 2631 1006 2688 sunt
1018 2625 1223 2710 compositio?
1247 2626 1392 2692 Dicemus

239 2725 294 2800 eis,
312 2724 385 2788 Non
400 2726 541 2810 quidem;
564 2727 620 2790 sed
635 2748 749 2812 magna
763 2749 836 2790 cum
850 2727 1001 2812 sapientia
1015 2735 1048 2792 et
1066 2727 1230 2813 diligentia
1252 2731 1294 2794 ad
1307 2730 1390 2814 liqui·

239 2827 313 2888 dum
327 2833 402 2910 apta
416 2833 449 2889 et
464 2836 574 2891 ornata
589 2828 694 2892 omnia
704 2850 725 2892 a
737 2828 807 2893 Deo
818 2829 902 2894 faeta
915 2837 998 2906 sunt,
1011 2838 1043 2895 et
1057 2831 1187 2918 antiqua
1201 2839 1235 2896 et
1250 2852 1391 2919 quaecun-

239 2947 299 3010 que
313 2925 346 2988 in
361 2925 535 2991 novissimis
550 2929 741 3014 temporibus
751 2929 892 2994 Verbum
907 2931 974 3015 ejus
988 2940 1150 3017 operatum
1161 2922 1221 3010 est,
1234 2943 1269 2999 et
1283 2934 1391 2998 debent

239 3050 286 3107 ea,
300 3051 361 3093 non
375 3050 503 3094 numero
512 3033 573 3092 ³xx
584 3031 639 3095 sed
648 3033 821 3118 subjacenti
834 3033 977 3119 copulare
988 3043 1182 3120 argumento,
1192 3036 1259 3102 sive
1267 3037 1391 3102 rationi:
1401 3059 1419 3096 ο.
1425 3060 1433 3095 ι

288 3218 569 3279 ¹leeamca,dudrrcuruu.
587 3221 790 3270 Sisiatrueruunua
842 3240 889 3270 non
908 3238 953 3271 rare
969 3223 1063 3273 solertia.
1098 3225 1230 3274 Maurum*
1244 3229 1317 3277 takes
1333 3229 1390 3277 letn-

239 3301 350 3363 alluding
360 3306 387 3349 t0
399 3307 516 3348 acustom
528 3318 619 3365 among
631 3303 673 3351 the
680 3304 791 3352 ancients
843 3321 895 3352 meo
906 3306 967 3352 with
979 3306 1022 3354 the
1032 3307 1165 3370 preceding
1171 3309 1261 3367 words,
1273 3312 1322 3358 and
1331 3328 1390 3374 says,

239 3382 268 3428 ol
281 3383 408 3442 summing
419 3382 462 3430 the
479 3383 594 3430 numbers
608 3384 686 3432 below
701 3399 746 3433 100
758 3385 790 3448 by

239 3462 338 3508 various
354 3461 474 3523 positione
493 3462 521 3508 of
535 3463 577 3509 the
595 3463 639 3510 lest
658 3465 725 3513 hand
741 3465 790 3512 and

239 3541 271 3588 its
282 3541 386 3603 fingers;
408 3554 453 3588 100
463 3542 512 3588 and
527 3544 641 3604 upwards
652 3545 727 3608 being
740 3562 789 3593 rec-

239 3621 320 3669 lroned
334 3622 367 3685 by
379 3622 571 3686 corresponding
583 3630 695 3687 gestures
707 3626 735 3674 ot'
747 3627 791 3675 the

239 3705 307 3766 right
324 3704 398 3754 hand.
435 3705 480 3753 See
495 3722 519 3768 p.
537 3705 589 3767 16¹,
610 3713 669 3756 note
681 3723 703 3769 3.
737 3710 791 3758 The

239 3787 326 3849 nincty
344 3787 393 3835 and
413 3788 471 3835 nine
489 3789 571 3852 sheep,
592 3790 721 3849 therefore,
734 3793 791 3840 that

239 3868 366 3915 remained
377 3869 471 3931 quietly
484 3870 510 3917 in
521 3871 563 3918 the
576 3871 634 3930 sold,
650 3887 712 3919 were
724 3888 789 3920 sum·

240 3949 296 3997 rned
311 3965 378 4012 upon
397 3949 439 3997 the
454 3949 500 3998 left
518 3952 592 4010 hand,
607 3951 657 3998 and
675 3952 790 4001 Gnosties

239 4032 362 4095 professed
374 4032 430 4080 that
446 4032 505 4096 they
517 4049 580 4080 were
597 4033 690 4096 typiral
706 4035 734 4082 ot*
748 4036 790 4083 the

239 4120 293 4164 true
305 4116 418 4180 spiritual
430 4117 485 4163 seed
492 4133 499 4174 ;
511 4117 556 4162 but
564 4115 690 4180 Scriptura
698 4118 790 4182 always

238 4197 320 4261 places
338 4201 380 4246 the
403 4199 510 4246 werhem
529 4197 557 4244 of
573 4199 680 4263 iniquity
698 4216 729 4247 on
748 4202 790 4248 the

238 4278 283 4328 lest
295 4280 369 4338 hand,
384 4279 433 4327 and
446 4280 470 4326 in
483 4277 640 4326 theGnostic
652 4279 738 4344 theory
748 4282 790 4331 tha

239 4360 287 4408 evil
309 4361 428 4424 principle
446 4361 474 4407 os
494 4365 586 4408 matter
604 4377 654 4409 was
669 4361 786 4421 staturae,

240 4441 366 4499 therefore,
381 4457 468 4490 uererer
482 4448 513 4489 rat
529 4457 571 4500 eor,
589 4442 692 4491 rr'aurtrur
704 4460 790 4493 saeuus

238 4522 375 4581 emisenus,
384 4523 514 4570 conarutr'ru
523 4522 625 4571 teleneu
637 4525 788 4588 (ἀνάπαυσιν)

843 3386 906 3433 uitat
920 3387 993 3434 aliud
1008 3395 1039 3435 eat
1053 3404 1124 3450 quara
1141 3389 1247 3439 einim
1264 3408 1351 3441 manua
1365 3393 1391 3439 le·

842 3467 912 3516 ratio.
951 3469 1004 3516 But
1020 3470 1062 3517 the
1078 3470 1242 3520 Valentinian
1264 3477 1392 3530 ἀνάπαυσις,

844 3566 894 3598 was
906 3551 931 3598 r'rr
940 3559 1012 3611 perte
1023 3553 1197 3602 rnuteriah'um.
1236 3557 1275 3605 Of.
1289 3574 1314 3621 p.
1323 3570 1360 3621 59.

892 3630 903 3663 ¹
919 3649 953 3680 οιι
964 3649 1053 3681 renum
1068 3643 1107 3694 eet,
1126 3635 1169 3684 Gr.
1183 3639 1218 3695 μὴ
1232 3641 1300 3687 rerer
1314 3642 1351 3687 rel
1364 3640 1392 3687 ὡς

844 3716 923 3774 τυχὸν,
949 3717 988 3762 καὶ
1010 3717 1132 3773 ὀνομάτων
1155 3719 1232 3768 θέσεις
1256 3722 1329 3780 eloim
1353 3721 1392 3768 the

843 3811 910 3843 same
918 3796 981 3843 form
990 3813 1081 3856 recurs,
1091 3814 1114 3861 p.
1128 3796 1181 3858 3⁴⁶·
1192 3814 1215 3861 3.
1244 3800 1354 3865 Perhaps
1364 3807 1392 3849 ert

843 3877 891 3925 had
904 3879 935 3926 its
947 3879 1027 3941 origin
1038 3879 1102 3927 from
1113 3888 1133 3926 et
1144 3880 1280 3946 following.

893 3958 972 4007 ιΤῑιο
994 3961 1107 4009 numeral
1130 3973 1167 4008 xx
1187 3969 1283 4012 creater
1301 3981 1316 4013 a
1335 3966 1392 4013 diffi-

842 4041 919 4105 culty,
941 4059 977 4100 or,
998 4059 1025 4091 aa
1044 4043 1173 4091 Massurr
1191 4047 1273 4108 prints
1288 4048 1315 4103 it,
1331 4059 1390 4096 m.

844 4122 957 4186 Poaaibly
970 4125 1021 4171 this
1037 4141 1095 4188 may
1113 4126 1143 4174 be
1156 4126 1199 4175 the
1217 4143 1287 4176 more
1302 4135 1392 4178 eorrect

843 4204 951 4266 reading,
965 4221 992 4252 aa
1004 4207 1175 4269 representing
1186 4208 1231 4256 the
1243 4211 1325 4259 initiol
1337 4213 1357 4259 rt
1367 4211 1394 4259 oi

843 4285 933 4343 hdyor:
951 4286 993 4333 the
1005 4286 1086 4335 Greek
1097 4289 1203 4351 original
1218 4291 1314 4354 having
1324 4294 1389 4349 been,

843 4367 882 4412 sal
894 4367 1032 4425 ὀφείλουσιν
1044 4370 1112 4427 αὐτὰ,
1124 4372 1151 4416 οὐ
1160 4372 1195 4430 τῷ
1206 4373 1300 4433 ἀριθμῷ
1308 4376 1354 4421 τῶν
1362 4377 1388 4431 rt,

843 4448 907 4494 ἀλλὰ
925 4450 958 4508 τῇ
969 4449 1110 4510 ὑποκειμένῃ
1124 4456 1297 4514 σινορμόττειν
1315 4457 1392 4503 iredd-

842 4546 886 4587 σει,
902 4531 954 4587 ἦτοι
967 4532 1040 4591 λόγῳ.
1076 4533 1128 4580 The
1140 4535 1216 4584 MSS.
1231 4537 1295 4586 have
1306 4550 1349 4585 xx.
