2954 4986
233 354 302 421 384
531 366 603 421 sus
628 365 851 420 vnnrsrsrn
875 365 1062 420 uonruuu

99 546 153 587 ΒΒΒ
155 545 192 631 ἰΒ
233 526 316 593 illius
337 525 483 613 speeiem,
507 532 539 591 et
556 525 598 590 ad
620 524 748 591 secundi
771 524 910 604 tertium,
932 534 966 590 et
987 522 1129 589 similiter
1150 542 1260 586 omnes
1282 517 1443 607 τεΙῐφιίθ·’

76 594 214 726 ’,ᾖξ’ἓῇν·
233 633 477 749 subsequentes:
501 639 533 695 et
558 630 647 718 ¹[de]
672 629 766 716 hujus
790 629 873 714 quod
895 628 1065 694 secundum
1091 648 1150 691 nos
1171 632 1231 702 est,
1254 623 1339 711 quod
1360 632 1392 688 et

98 742 164 771 ω’·
145 733 192 770 '·¹
234 735 437 800 novissimum
451 742 553 814 vocat,
564 754 691 799 necesse
705 738 824 799 est¹ex
837 733 964 799 defluxu
978 731 1062 796 aliud
1076 730 1195 796 facturn
1210 726 1392 805 similesibi,

233 847 267 905 et
296 860 336 904 ex
359 838 412 903 illo
435 838 548 904 iterum
575 838 678 903 aliud:
709 846 742 903 et
767 859 927 924 nunquam
952 837 1094 912 deficere,
1118 856 1222 920 neque
1250 832 1393 897 defluxus

233 964 340 1008 eorum
355 943 408 1029 qui
420 944 487 1029 jam
501 942 576 1007 lacti
591 950 675 1020 sunt,
691 963 791 1027 neque
805 942 944 1006 facturas
957 939 1125 1011 coelorunr;
1145 935 1249 1001 sedin
1263 935 1393 1000 immen-

233 1066 315 1125 sum,
329 1054 363 1111 et
377 1067 440 1111 non
454 1045 486 1110 in
501 1045 689 1134 praefinitum
705 1066 869 1110 numerum
883 1044 1033 1109 coelorum
1047 1041 1195 1106 incidere.

688 1360 790 1428 OAP.
814 1361 946 1428 LVIII.

237 1537 400 1615 Oetensio
427 1537 602 1639 qnoniam
624 1538 814 1639 propheto
839 1563 913 1613 non
938 1564 964 1612 o
990 1536 1107 1613 erariis
1132 1534 1209 1612 diis
1233 1529 1392 1633 fecerint

304 1657 614 1757 prophetationes,
643 1655 708 1730 scol
733 1655 781 1730 oh
815 1681 887 1730 ano
917 1668 949 1730 et
979 1654 1125 1730 eodem
1156 1667 1190 1729 et
1219 1648 1392 1751 expositio

311 1774 588 1850 Hehroioontne
628 1772 818 1848 nominum
851 1798 976 1846 wrcen
1012 1798 1091 1871 qno
1130 1770 1172 1845 in
1203 1764 1393 1869 prophetis

307 1892 434 1992 posito
456 1904 547 1967 sont.

238 2086 268 2148 1.
305 2082 356 2147 Er
374 2082 483 2169 reliqui
499 2091 605 2148 autern
620 2084 673 2169 qui
688 2083 766 2149 lslso
780 2083 906 2150 nomine
921 2082 1063 2149 Gnostici
1078 2081 1237 2159 dicuntur,
1254 2080 1309 2167 qui
1325 2102 1392 2166 pro·

236 2187 348 2273 phetas
362 2209 402 2251 ex
416 2186 545 2253 diversis
559 2187 619 2252 diis
634 2188 813 2274 prophetias
833 2188 943 2253 senisse
957 2186 1076 2264 dicunt,
1092 2185 1182 2251 facile
1196 2185 1393 2249 destruentur

236 2313 277 2355 ex
292 2291 362 2368 hoc,
375 2290 457 2377 quod
469 2293 744 2378 omnesprophetae
754 2314 852 2356 unum
862 2292 966 2357 Deum
980 2300 1013 2356 et
1027 2289 1196 2355 Dominum
1211 2288 1393 2374 praedicare-

236 2393 310 2471 rint,
325 2404 359 2458 et
376 2394 478 2479 ipsum
499 2394 649 2459 faetorem
671 2394 741 2459 eceli
759 2404 792 2459 et
806 2402 898 2460 terrae
912 2402 945 2459 et
959 2392 1097 2459 omnium
1112 2414 1184 2479 quse
1199 2391 1294 2456 ineis
1311 2399 1391 2467 sunt,

237 2505 270 2560 et
285 2495 368 2582 quod
382 2496 550 2560 adventum
567 2496 639 2560 Filii
654 2496 722 2582 ejus
736 2496 988 2583 significaverint,
1004 2495 1176 2561 secundum
1196 2495 1282 2581 quod
1296 2516 1336 2559 ex
1350 2494 1392 2577 ip

237 2599 283 2663 sis
297 2599 577 2665 demonstrabimus
592 2599 761 2686 Scripturis
775 2600 807 2663 in
820 2599 907 2665 libris
922 2598 1192 2686 consequentibus.
1240 2598 1274 2662 Si
1290 2607 1393 2662 autem

239 2702 365 2788 quidam
379 2703 550 2768 seeundum
565 2703 753 2768 ²Hebraeam
774 2703 913 2791 linguam
927 2703 1046 2767 diverse
1061 2702 1213 2767 dictiones
1228 2702 1347 2787 positas
1363 2700 1393 2763 in

240 2805 409 2891 Scripturis
423 2816 592 2892 opponant,
608 2806 698 2892 quale
713 2815 762 2872 est
777 2807 928 2882 Sabaoth,
943 2815 976 2871 et
989 2805 1077 2882 Eloe,
1092 2814 1125 2870 et
1137 2804 1274 2882 Adonai,
1289 2813 1323 2869 et
1336 2804 1393 2868 alia

239 2928 432 2994 quacunque
444 2917 518 2973 sunt
529 2908 614 2986 talia,
624 2908 723 2974 exhis
737 2910 900 2975 ostendere
914 2909 1109 2974 elaborantes
1120 2908 1258 2973 diversas
1266 2909 1393 2973 virtutes

238 3021 334 3096 atque
359 3011 454 3076 deos:
478 3010 600 3078 diseunt
625 3014 770 3100 quoniam
796 3013 889 3078 unius
913 3022 946 3078 et
970 3012 1069 3097 ipsius
1094 3012 1341 3098 significationes
1363 3022 1394 3078 et

239 3114 486 3201 nuncupationes
508 3125 583 3181 sunt
594 3117 699 3181 omnia
712 3117 898 3203 hujusmodi.
946 3116 1039 3199 Quod
1053 3118 1137 3181 enirn
1158 3117 1274 3182 dicitur
1287 3118 1392 3196 ³Eloe,

239 3218 411 3284 seeundum
433 3218 457 3282 J
458 3218 601 3285 udaicam
622 3242 729 3286 vocem
745 3220 849 3284 Deum
870 3219 1036 3307 significat,
1060 3227 1114 3286 ⁴et
1139 3220 1228 3285 Eloae
1242 3243 1350 3286 rerum
1362 3230 1393 3286 et

290 3439 469 3504 ¹Endetluxu.
497 3441 600 3503 Hoccx,
614 3442 650 3493 tel
658 3441 794 3506 prandent
843 3453 873 3491 11.
891 3442 947 3492 itis
962 3441 1015 3492 said
1032 3441 1089 3491 that
1105 3440 1394 3493 alintummas

240 3522 636 3575 dedolondomiidetur.l}1rrsr.
664 3524 793 3574 Messores
844 3527 893 3575 τοῖς
906 3527 1029 3589 Ἑβραίοις
1048 3522 1080 3586 τῇ
1102 3526 1149 3585 ἰδίᾳ
1170 3525 1290 3586 διαλέκτῳ
1312 3528 1394 3586 αὐτῶν,

241 3604 291 3653 and
312 3605 427 3654 Srrnnnn
446 3605 529 3654 follow
548 3607 574 3654 in
593 3607 637 3655 the
655 3622 722 3655 same
741 3607 792 3671 opi·
843 3607 884 3657 ic.
897 3607 922 3654 in
935 3607 977 3655 the
988 3608 1133 3656 vernacular
1144 3607 1269 3672 langurge
1280 3609 1309 3657 of
1318 3608 1396 3657 Pales·

241 3686 308 3745 nien,
323 3688 373 3735 aud
386 3687 447 3751 they
458 3704 499 3735 are
511 3687 595 3752 partly
606 3688 681 3752 right,
696 3689 792 3751 though
843 3690 903 3740 tine.

241 3769 302 3833 they
313 3769 346 3817 do
357 3774 402 3818 not
413 3774 480 3819 traco
491 3771 534 3819 the
545 3786 614 3819 error
624 3775 651 3818 to
662 3771 695 3819 rte
706 3785 794 3834 proper
893 3743 997 3849 ''llhth
1027 3771 1080 3820 'I'lre
1093 3777 1149 3820 root
1163 3772 1192 3819 ol
1204 3772 1286 3821 which
1298 3772 1396 3822 wardia

242 3865 335 3909 source,
350 3852 392 3899 the
403 3867 519 3915 presence
530 3852 559 3899 ol
567 3853 627 3901 both
638 3852 774 3917 particles'
768 3868 793 3900 rn

241 3931 285 3981 the
307 3932 404 3993 Greek3
426 3949 481 3997 eng
503 3936 543 3982 nal
565 3935 614 3983 ἀπὸ
637 3937 729 3994 τούτου,
752 3950 795 3982 rou
845 3917 888 3967 ’Μ
909 3918 1003 3968 Afflbffl
1016 3860 1063 3979 &ll
1088 3924 1111 3965 ’θ
1131 3917 1246 3981 ’Μ’ῙῑῘΡ·

243 4013 296 4063 rot
310 4014 378 4073 ἡμᾶς,
392 4015 419 4063 dr
436 4012 505 4063 rol'
491 4032 594 4065 υστατον
611 4018 687 4077 καλεῖ,
701 4015 795 4077 ἀνάγκη
894 4014 952 4063 ‘Et
968 4016 1033 4063 Elorr
1050 4030 1132 4064 oerum
1149 4022 1171 4063 cl
1185 4016 1294 4067 Eloealh.
1314 4017 1397 4067 Iren-

242 4097 268 4157 ἐξ
279 4096 406 4159 droppolor
418 4098 498 4159 ἕτερον
508 4100 640 4159 γεγονέναι,
655 4100 740 4146 r.r.h.:
756 4097 795 4145 sor
845 4102 901 4145 ture
923 4102 950 4146 to
973 4102 1075 4160 suggest
1098 4097 1141 4145 tbe
1164 4097 1294 4162 following
1318 4099 1398 4149 Greek

241 4178 292 4227 thie
304 4195 399 4239 resson,
413 4178 456 4228 the
467 4179 559 4227 former
570 4180 599 4227 ol
607 4180 707 4228 thetwo
719 4179 794 4242 parti·
846 4178 934 4235 words,
954 4178 1062 4237 Ἐλωείμ
1079 4194 1114 4237 τι,
1138 4179 1204 4227 ἀλλὰ
1224 4182 1264 4227 καὶ
1283 4182 1395 4230 ’Rhosii

242 4261 292 4309 cles
314 4263 398 4310 rather
419 4261 481 4310 than
503 4262 546 4309 the
568 4261 643 4310 latter
664 4262 709 4309 has
732 4262 794 4310 been
847 4262 899 4310 ΒιιΒ
909 4261 952 4309 the
963 4268 1027 4308 term
1040 4260 1146 4319 ‘Ilhssla
1163 4277 1242 4310 seerns
1258 4263 1316 4312 here
1330 4264 1397 4312 tobe

241 4342 328 4406 placed
346 4344 457 4392 between
475 4344 597 4391 brackets.
633 4342 796 4392 IIeumonnus
846 4342 953 4391 referred
967 4348 994 4391 to
1012 4344 1125 4391 thorout
1142 4316 1181 4392 ht<
1195 4343 1289 4406 sortia·
1305 4346 1344 4394 for
1357 4347 1398 4395 the

241 4422 289 4485 lepi
298 4425 382 4473 resudet
393 4426 489 4475 delrlnc.
510 4425 632 4474 Susum
846 4425 1004 4489 explanation
1023 4426 1122 4474 renders
1140 4426 1160 4473 it
1177 4442 1205 4473 as
1218 4426 1353 4491 Alruryhty,
1371 4428 1398 4476 rh

290 4503 302 4535 ¹
318 4505 334 4554 i.
345 4522 366 4553 e.
386 4506 411 4553 in
429 4507 535 4555 Biblical
552 4506 668 4566 IIclrrew,
688 4510 734 4553 not
752 4505 796 4555 the
847 4508 987 4570 παγκρατὲς,
1008 4507 1144 4557 translated
1158 4524 1185 4555 as
1198 4508 1252 4558 Hoc
1267 4509 1332 4574 qaod
1348 4525 1397 4559 con·

242 4584 336 4650 Syriae,
349 4603 377 4636 aa
388 4587 413 4635 in
425 4588 468 4637 the
479 4592 689 4639 commencement
699 4587 728 4637 el
737 4587 793 4638 Lib.
845 4587 904 4639 tinet
919 4588 1010 4638 emerite
