2954 4986
238 302 305 367 232
686 312 918 366 OPHl'l'AItlill

99 494 203 579 sslffi
240 474 363 552 tatone
396 475 482 573 'upds
513 474 575 547 τᾶν
610 479 791 574 πρῶτον..
808 473 892 545 adv
926 470 961 543 dl
998 471 1232 555 oldewinum,
1264 473 1308 547 sie
1342 470 1398 552 τὴν

76 587 227 674 ῦῗΑΙὲέ-χῗιί”’
241 587 351 688 rpv'ya
381 592 440 671 Τῆς
468 583 544 670 ὕλης
570 589 717 687 ἕρεῖσθαι
749 581 766 692 [
774 593 806 678 f.
824 592 844 658 l.
875 578 1079 691 ἐρείδεσθαι]
1101 585 1164 668 τὴν
1192 585 1327 667 ἔννοιαν,
1348 583 1397 652 καὶ

111 683 188 719 ωδ.

242 708 395 794 *γεννῆσαι
424 701 518 772 υἱὸν.
540 754 548 770 .
570 754 577 769 .
596 702 832 799 ιὀφκὶμομὺον
870 697 908 794 ἐξ
946 699 1070 781 αὗτῆς.
1093 751 1131 767 ..
1158 696 1234 769 εἶτα
1275 696 1399 792 καυχῶ-

240 816 514 898 peneaclensis,
538 812 637 904 Ἐγὼ
663 813 747 890 Θεὸς
769 815 823 884 καὶ
855 813 990 911 Πατὴρ,
1019 811 1073 883 καὶ
1097 809 1180 908 ὑπὲρ
1204 807 1263 893 ἐμὲ
1291 807 1397 885 ου’δεῖς.

241 926 314 1009 Τὴν
339 924 374 996 dd
394 928 522 1024 μητέρα
548 924 801 1024 δυσχεράνασαν
825 926 1008 1011 tripoleos
1040 924 1140 1013 αὐτῷ,
1165 922 1231 1004 Μὴ
1261 920 1397 1015 desidem

241 1040 316 1111 ἔστι
359 1037 428 1138 γὰρ
464 1038 545 1138 ὑπὲρ
586 1037 627 1110 σὲ
663 1039 789 1138 Πατὴρ
824 1039 989 1122 dardan-ur,
1028 1041 1164 1136 πρῶτος·
1195 1032 1400 1136 Ἀνθρωπος

241 1300 315 1343 eum
331 1299 498 1342 conversos
514 1299 582 1343 esse
598 1276 680 1341 filios
701 1276 768 1362 ejus
789 1277 830 1342 de
848 1276 1049 1363 principatu:
1072 1280 1209 1363 propter
1230 1295 1305 1360 quae
1330 1294 1400 1338 eon-

240 1378 408 1443 tristatum
429 1377 631 1452 Ialdabaoth,
649 1384 683 1442 et
703 1378 936 1464 desperantem,
953 1377 1154 1463 conspexisse
1179 1374 1214 1439 in
1235 1373 1399 1459 subjacen-

241 1485 308 1542 tem
334 1477 444 1540 saeoem
469 1477 622 1555 materia,
645 1485 679 1543 et
704 1477 913 1543 consolidasse
938 1475 1229 1563 concupiscentiam
1251 1497 1345 1540 suam
1368 1472 1455 1536 insu

241 1598 321 1649 eam,
340 1576 425 1640 unde
442 1586 555 1642 natum
571 1577 671 1641 filium
688 1577 808 1643 dicunt.
861 1576 958 1642 Hunc
981 1585 1090 1643 antem
1107 1576 1213 1662 ipsum
1238 1597 1309 1639 esse
1328 1572 1399 1638 Nun

241 1677 396 1763 infigura
416 1677 587 1762 ¹serpentis
605 1686 800 1754 contortum,
819 1677 933 1742 dehine
953 1683 987 1743 et
1010 1676 1175 1763 Spiritum,
1195 1683 1231 1741 et
1248 1674 1397 1748 animam,

241 1784 276 1843 et
301 1776 408 1841 omnia
435 1777 627 1841 mundialia:
662 1778 737 1842 inde
762 1783 950 1865 generatam
977 1798 1105 1842 omnem
1134 1775 1341 1849 oblivionem,
1367 1784 1398 1838 et

241 1877 408 1955 malitiam,
437 1885 471 1942 et
498 1876 609 1952 zelum,
636 1885 671 1942 et
704 1877 866 1952 invidiam,
893 1884 928 1941 et
960 1884 1108 1942 mortem.
1157 1874 1259 1940 Hunc
1292 1883 1398 1939 antem

240 1976 517 2062 serpentiformem
532 1983 566 2042 et
589 1983 773 2043 contortum
788 1976 865 2041 Nun
881 1998 992 2042 eorum
1007 1977 1112 2042 adhuc
1128 1975 1232 2063 magis
1249 1976 1399 2040 evertisse

242 2076 377 2141 Patrem
393 2076 505 2141 dicunt
524 2079 743 2154 tortuositate,
767 2100 840 2143 cum
864 2086 949 2143 esset
972 2099 1045 2142 cum
1070 2076 1173 2142 Patre
1199 2075 1344 2161 ipsorum
1368 2074 1398 2138 in

242 2175 323 2241 coelo
340 2185 374 2241 et
391 2176 424 2240 in
441 2176 598 2262 paradiso.
652 2176 751 2243 Unde
767 2177 967 2242 exultantem
984 2176 1178 2242 Ialdabaoth
1198 2176 1233 2240 in
1254 2175 1399 2240 omnibus

241 2275 291 2341 his
308 2298 378 2362 quae
395 2277 455 2341 sub
472 2299 510 2341 eo
527 2283 633 2343 essent
647 2277 829 2365 gloriatum,
848 2285 882 2342 et
899 2277 1035 2342 dixisse:
1052 2277 1121 2362 Epo
1138 2278 1244 2342 Pater
1259 2285 1291 2340 et
1306 2276 1397 2352 Dm,

242 2386 272 2442 ct
287 2398 377 2463 asper
393 2398 439 2442 me
455 2398 547 2442 mmo.
576 2377 793 2442 'Audientem
809 2386 919 2443 autem
935 2384 1071 2443 matrem
1084 2377 1239 2442 clamasse
1250 2377 1398 2442 adversm

242 2499 337 2552 eum3
366 2475 445 2542 Noli
467 2477 603 2552 mentiri,
623 2478 833 2544 Ialduhaotlv:
858 2488 900 2543 on
915 2479 996 2543 enim
1011 2500 1103 2564 super
1118 2486 1147 2542 to
1154 2488 1251 2564 pater
1265 2477 1398 2542 omnium

234 2577 362 2662 primus
390 2578 578 2662 Aethram,
604 2586 632 2642 et
660 2579 837 2669 Aaulropm
857 2579 945 2662 filius
969 2578 1138 2664 Aetlrepi.
1186 2576 1398 2644 conturbatis

242 2685 352 2741 autem
377 2678 523 2742 omnibus
545 2679 588 2742 ad
613 2700 728 2742 novam
752 2701 871 2752 vocem,
888 2687 924 2743 et
948 2677 1134 2765 inopinabili
1150 2676 1396 2763 nuncupatione,

243 2781 278 2841 et
295 2777 510 2860 quarentibus
525 2779 610 2843 unde
627 2777 757 2854 clamor,
775 2780 817 2844 ad
836 2779 1014 2844 avocandos
1037 2800 1103 2854 eos,
1121 2784 1156 2843 et
1181 2779 1225 2843 ad
1247 2799 1284 2843 se
1309 2778 1397 2841 sedu-

242 2877 387 2950 cendum,
406 2875 522 2941 dixisse
542 2877 734 2944 Ialdabaoth
749 2879 877 2944 dicunt:
902 2880 1001 2944 Venite
1009 2879 1175 2964 faciamus
1190 2879 1341 2944 dominam
1357 2877 1399 2942 ad

242 2976 409 3062 imapinom
434 2987 577 3042 nostram.
631 2977 696 3043 Sex
720 2988 829 3044 autern
846 2978 982 3045 virtutes
1003 2979 1171 3044 audientes
1190 2979 1272 3052 hoec,
1296 2984 1398 3042 matre

242 3077 342 3143 dante
358 3077 419 3142 illis
437 3077 706 3165 excogitationem
724 3078 868 3155 hominis,
887 3079 935 3144 uti
960 3101 1019 3164 per
1042 3101 1116 3144 eum
1141 3086 1277 3144 evacuet
1302 3100 1356 3142 eos
1378 3099 1398 3141 a

242 3177 408 3264 principali
419 3177 549 3253 virtute,
561 3165 784 3243 convenientes
796 3179 1013 3244 formaverunt
1031 3178 1192 3243 hominem
1210 3178 1397 3242 immensum

241 3276 413 3342 latitudine
431 3281 482 3342 ”et
499 3277 716 3363 longitndine:
738 3277 932 3342 ⁴scarizante
949 3285 1058 3343 autem
1073 3300 1111 3343 eo
1128 3285 1268 3352 tantum,
1283 3278 1398 3344 advex-

242 3384 338 3440 erunt
368 3399 441 3441 eum
468 3377 555 3462 patri
585 3400 652 3454 suo,
683 3385 717 3443 et
745 3378 805 3443 hoc
837 3377 958 3464 Sophia
986 3385 1142 3465 operante
1171 3378 1223 3443 uti
1253 3387 1289 3444 et
1312 3378 1398 3444 illum

292 3591 301 3622 ¹
320 3592 407 3642 Hence
424 3594 466 3642 the
481 3595 631 3659 appellation
649 3597 678 3645 of
692 3597 796 3663 Ophites
846 3599 947 3647 Onnum
965 3598 1022 3647 MS.
1056 3597 1116 3646 This
1133 3597 1260 3646 notionis
1277 3597 1331 3646 also
1348 3596 1399 3645 bor-

243 3688 294 3722 was
311 3675 410 3738 applied
427 3681 453 3724 to
469 3676 519 3725 this
531 3678 649 3727 heretioal
663 3686 723 3729 sect.
750 3679 797 3729 See
846 3679 928 3729 rowed
938 3679 1003 3728 from
1015 3680 1059 3728 the
1073 3679 1222 3728 Rabbinical
1236 3677 1403 3740 ληρήματαοί

242 3756 286 3804 the
302 3755 410 3805 Libellus
427 3758 516 3807 affixed
534 3765 561 3808 to
578 3761 621 3809 the
641 3761 797 3824 Pmeriptie
846 3762 889 3811 the
902 3763 979 3812 Jews.
1013 3762 1067 3811 'l'he
1081 3761 1196 3824 Talmud,
1209 3762 1251 3812 Tr.
1268 3761 1357 3819 milli,
1370 3778 1401 3810 an

243 3835 273 3885 of
279 3836 458 3888 Taurunum.
486 3839 528 3889 Sic
539 3857 639 3890 rursum
649 3842 797 3892 Ialdudcotl
846 3843 937 3893 almost
970 3848 1209 3908 contemmraneous
1242 3845 1399 3909 productior,

242 3915 316 3965 ιάιιαι
327 3917 355 3965 in
369 3918 561 3980 indipnationem
575 3938 712 3972 cotoneum
725 3941 752 3973 ea
762 3942 795 3975 ae·
846 3940 911 3989 says,
930 3940 962 3973 on
979 3925 1022 3973 the
1035 3924 1163 3988 authority
1180 3924 1209 3972 of
1220 3925 1254 3974 R.
1273 3925 1397 3983 linum,

242 3999 339 4062 metipso
349 3998 453 4048 edidisse
463 4001 579 4062 muntem,
585 4010 606 4050 et
611 4004 796 4056 sterilitatium
845 4008 903 4057 that
913 4008 1005 4067 Adam,
1019 4007 1091 4056 when
1102 4007 1208 4068 meated,
1221 4009 1328 4059 mohcd
1338 4011 1401 4059 fi'om

241 4082 363 4146 meruit,
373 4090 394 4132 et
405 4083 709 4146 dnncfuiaaeeirtutemin
716 4090 796 4140 Para·
846 4092 1000 4141 earthtothe
1011 4091 1153 4140 firmameut
1164 4090 1193 4139 of
1200 4091 1307 4141 heaven.
1341 4092 1400 4143 'Dii

241 4163 360 4226 amco.
380 4176 454 4227 cu·
846 4173 978 4240 nortun
998 4173 1030 4236 ια
1051 4174 1156 4239 nomn
1175 4172 1239 4224 nus
1260 4145 1401 4232 niutan

291 4246 478 4296 musonem
489 4247 573 4296 rather
583 4248 702 4299 inuam
713 4250 794 4314 vana-
845 4229 1400 4318 unslwnnsnuunmwaoennnvvm

241 4336 346 4378 mntem,
845 4338 936 4401 saying
951 4338 1008 4387 that
1024 4339 1055 4387 he
1068 4338 1192 4387 stretelned
1207 4339 1273 4389 from
1289 4356 1337 4390 one
1353 4339 1399 4389 eud

290 4409 302 4442 ⁸
317 4418 339 4461 et
356 4410 508 4475 leapitudiuc
525 4427 567 4462 are
585 4413 690 4463 omitted
707 4415 733 4463 in
753 4415 796 4464 the
845 4418 875 4467 of
882 4420 925 4468 the
936 4420 1007 4469 σαι-ια
1018 4425 1045 4468 to
1055 4421 1098 4469 the
1109 4421 1189 4469 other.
1215 4421 1325 4485 ΙΜἸΓΙ
1337 4423 1398 4474 fl'lll
