2954 4986
452 352 505 403 ux
534 351 732 403 auauoam
759 352 877 402 mum.
1169 334 1235 397 349

83 500 193 570 Pater.
242 504 324 588 Quia
345 512 450 580 autem
474 505 629 591 parabclae
651 514 782 591 possunt
805 504 919 569 multas
947 504 1084 590 recipere
1112 503 1236 569 absolu·
1249 517 1403 602 wll-pp

81 607 194 683 tiones,
217 629 257 671 ex
278 607 355 692 ipsis
377 607 417 672 de
435 607 635 691 inquisitione
656 607 716 671 Dei
737 607 901 685 affirmare,
924 606 1132 693 relinquentes
1154 607 1237 693 quod
1268 609 1382 694 {2333}

82 718 212 786 certum,
227 719 260 773 et
275 710 494 788 indubitatum,
517 717 549 773 et
571 732 677 774 verum
695 718 754 787 est,
770 710 858 774 valde
879 710 1140 796 praecipitautium
1155 733 1189 774 se
1205 709 1237 773 iu
1254 728 1401 737 ”-

83 811 252 895 periculum
277 822 310 877 et
330 813 584 876 irrationabilium
602 835 680 889 esse,
704 813 773 898 quis
796 834 858 876 non
882 813 1055 876 amantium
1077 813 1238 877 veritatem

84 914 302 978 confitebitur?
348 914 392 978 Et
406 915 554 1000 numquid
574 915 633 979 hoc
655 923 704 979 est
724 937 786 977 non
803 915 834 977 in
854 923 943 1000 petra
956 917 1056 992 firma,
1079 922 1111 978 et
1127 913 1238 992 valida,
1252 913 1391 1010 ξξζξζΜ

84 1024 117 1079 et
146 1015 179 1078 in
205 1025 313 1101 aperto
341 1017 444 1101 posita
472 1017 627 1081 aedificare
656 1038 745 1080 suam
772 1016 910 1093 domum,
939 1016 995 1080 sed
1025 1015 1057 1079 iu
1087 1015 1239 1080 incertum

84 1117 190 1181 effusae
213 1120 337 1183 arenaet
382 1118 477 1184 Unde
503 1127 536 1183 et
562 1119 661 1184 facilis
687 1129 736 1184 est
762 1120 880 1184 eversio
903 1119 1081 1205 hujusmodi
1106 1119 1240 1184 aedifiea-

84 1219 189 1284 tionis.
276 1224 280 1231 ’

547 1401 649 1466 GAP.
674 1400 770 1465 XLI.

90 1539 274 1629 Quoniam
307 1565 447 1614 οιιιιιιιιι
475 1538 698 1639 optatione-m
731 1566 803 1614 ιιοιι
825 1566 1018 1639 possumus
1044 1542 1175 1616 lohere
1200 1542 1241 1615 ιἰι

163 1657 233 1730 bac
254 1656 349 1731 vitu.-
370 1671 411 1748 et,
428 1683 507 1756 quo
523 1670 605 1730 strat
624 1683 701 1754 qua
719 1684 744 1730 c
761 1656 863 1731 uobis
878 1673 1030 1756 possunt
1048 1659 1188 1751 cxsolvi,
1209 1673 1241 1733 et

165 1802 243 1873 quo
259 1789 340 1849 strat
358 1802 436 1873 qvia
452 1803 516 1850 rou
505 1775 638 1848 rtttit
560 1788 638 1848 ttaa
639 1802 687 1848 ur
702 1776 784 1848 Deo
790 1776 1027 1873 fabricatori

40 1975 76 2013 ua
91 1953 121 2016 l
160 1949 375 2013 Hauaurns
367 1959 472 2034 rtaque
487 1951 649 2036 regulam
641 1973 739 2036 rpsam
755 1951 928 2029 veritatem,
943 1960 976 2016 et
991 1952 1022 2015 in
1036 1961 1145 2036 aperto
1160 1952 1243 2037 posi-

40 2022 69 2065 ⁷
88 2061 157 2117 tum
182 2053 221 2117 de
245 2053 314 2117 Deo
338 2053 561 2130 testimonium,
586 2075 649 2116 non
672 2053 821 2117 debemus
840 2076 895 2138 per
916 2053 1123 2139 quaestionum
1149 2054 1242 2118 decli·

88 2166 200 2221 nantes
214 2157 245 2219 in
260 2155 338 2220 alias
351 2165 446 2242 atque
460 2156 537 2221 alias
551 2156 802 2222 absolutiones
774 2157 886 2243 ejicere
901 2157 1022 2219 firmam
1037 2165 1070 2221 et
1085 2179 1187 2221 veram
1204 2157 1243 2221 de

90 2260 161 2324 Deo
176 2259 353 2324 scientiam:
378 2259 480 2345 magis
501 2269 618 2336 autem,
634 2260 861 2325 absolutionem
882 2260 1090 2346 quaestionum
1109 2260 1142 2322 in
1160 2260 1243 2325 hunc

89 2364 300 2428 characterem
322 2362 502 2449 dirigentes,
523 2364 662 2427 exerceri
685 2364 809 2449 quidem
828 2362 973 2428 convenit
995 2386 1050 2448 per
1070 2364 1240 2449 inquisitio·

90 2487 162 2529 nem
186 2465 324 2550 mysterii
348 2475 380 2530 et
405 2465 615 2551 dispositionis
641 2465 822 2530 exsistentis
849 2466 920 2542 Dei,
948 2467 1054 2554 augeri
1080 2475 1185 2531 autem
1212 2466 1244 2529 in

90 2571 222 2635 caritate
241 2570 318 2654 ejus,
334 2570 387 2655 qui
402 2578 492 2634 tanta
506 2579 632 2655 propter
646 2591 704 2633 nos
719 2570 793 2635 fecit
812 2570 944 2645 etfacit,
960 2592 1119 2656 uunquam
1138 2578 1244 2634 autem

91 2671 235 2736 excidere
252 2673 292 2735 ab
311 2694 349 2735 ea
366 2671 509 2735 suasione
532 2694 593 2757 qua
614 2671 863 2736 manifestissime
878 2671 1074 2757 praedicatur,
1100 2672 1173 2758 quia
1195 2673 1245 2738 hic

91 2777 175 2841 solus
189 2799 260 2840 vere
274 2777 316 2840 sit
330 2776 418 2840 Deus
432 2785 465 2840 et
477 2777 584 2852 Pater,
600 2777 652 2861 qni
668 2785 700 2841 et
715 2776 798 2841 hunc
818 2777 968 2841 mundum
983 2776 1067 2853 lecit,
1091 2786 1123 2841 et
1145 2776 1245 2841 homi-

92 2903 163 2944 nem
185 2880 359 2966 plasmavit,
384 2880 471 2944 etin
494 2901 552 2944 sua
576 2889 719 2954 creatura
742 2880 868 2945 donavit
889 2880 1128 2944 incrementum:
1152 2880 1247 2945 etde

91 2982 263 3045 minoribus
286 2983 352 3047 suis
369 2982 410 3045 ad
432 2983 561 3068 majora,
584 3003 655 3067 quae
682 2982 765 3066 apud
788 2982 889 3066 ipsum
910 2990 994 3058 sunt,
1017 3004 1141 3060 vocans,
1164 2982 1247 3047 sicut

91 3082 242 3148 insontem
258 3084 383 3168 quidem
402 3084 435 3147 iu
450 3084 540 3148 vulva
554 3092 739 3168 conceptum
754 3083 859 3147 educit
874 3082 906 3146 in
921 3083 1026 3147 lumen
1041 3083 1126 3162 solis,
1142 3093 1175 3149 et
1190 3084 1246 3148 tri·

91 3185 198 3261 ticum,
212 3196 416 3271 posteaquam
439 3186 470 3249 in
492 3184 608 3270 stipula
629 3185 881 3261 corroboraverit,
900 3185 1006 3251 condit
1032 3185 1067 3249 in
1088 3187 1245 3254 horreum.

92 3287 186 3353 Unus
208 3298 313 3354 auteur
338 3298 372 3353 et
394 3289 477 3353 idem
500 3288 701 3374 Demiurgus,
726 3287 780 3374 qui
803 3297 836 3353 et
859 3288 981 3353 vulvam
1007 3289 1181 3375 plasmavit,
1212 3300 1246 3356 et

92 3391 189 3456 solem
211 3392 340 3457 creavit:
360 3401 393 3456 et
416 3413 496 3455 unus
518 3399 551 3455 et
572 3390 655 3454 idem
667 3391 833 3469 Dominus,
849 3391 902 3477 qui
916 3399 949 3455 et
963 3391 1110 3477 stipulam
1125 3394 1243 3469 eduxit,

92 3502 125 3557 et
139 3493 276 3558 triticum
292 3515 411 3581 augens
421 3492 646 3578 multiplicavit,
659 3501 691 3557 et
702 3493 846 3557 borreum
861 3493 1055 3580 praeparavit.
1095 3495 1128 3559 Si
1140 3505 1246 3561 autem

92 3596 232 3660 omnium
248 3619 317 3683 quae
333 3597 366 3660 in
382 3595 551 3682 Scripturis
565 3595 764 3680 requiruntur
781 3595 990 3661 absolutiones
1005 3619 1067 3661 non
1082 3619 1249 3684 possumus

92 3699 241 3777 invenire,
261 3701 395 3765 alterum
409 3709 515 3764 tamen
531 3699 645 3774 Deum,
661 3709 774 3785 praeter
792 3721 864 3763 eum
880 3699 932 3783 qui
947 3708 1005 3776 est,
1029 3722 1092 3764 non
1112 3701 1249 3786 requira-

92 3826 172 3868 mus.
218 3803 369 3888 lmpietas
383 3803 465 3867 enim
482 3802 549 3867 haeo
564 3801 702 3865 maxima
718 3809 778 3866 est.
823 3801 940 3866 Cedere
960 3810 1066 3867 autem
1085 3803 1153 3869 haec
1173 3804 1250 3870 talia

92 3907 241 3970 debemus
257 3906 337 3991 Deo,
354 3905 405 3990 qui
421 3913 453 3970 et
469 3926 526 3969 nos
545 3905 629 3983 fecit,
644 3904 815 3969 rectissime
830 3903 973 3983 scientes,
989 3907 1061 3993 quia
1080 3909 1248 3995 Scripturoe

92 4007 218 4092 quidem
233 4007 378 4093 perfectu
393 4013 476 4085 sunt,
492 4006 606 4092 quippe
621 4009 658 4070 ¹a
673 4005 780 4071 Verbo
796 4004 858 4069 Dei
874 4012 907 4069 et
923 4004 1041 4094 Spiritu
1054 4011 1123 4096 ejus
1137 4010 1247 4085 dictam

141 4219 149 4249 ¹
168 4219 189 4266 A
208 4218 279 4267 l'erdo
290 4219 339 4267 Dei
349 4224 369 4266 el
381 4215 476 4279 Spiritu
487 4216 543 4280 que.
570 4215 645 4266 Faitlr
693 4213 912 4278 compulsatum
922 4215 1080 4281 requiramus.
1114 4216 1174 4266 This
1184 4215 1250 4267 luith

91 4302 117 4348 in
126 4302 169 4349 the
176 4301 287 4348 doctrine
294 4301 322 4347 of
329 4300 372 4347 the
380 4298 646 4363 Trinityisexprcssed
694 4298 716 4346 is
735 4299 860 4364 evidently
877 4300 1007 4364 expresses]
1024 4316 1053 4349 as
1069 4296 1251 4364 unqusstioned

92 4383 118 4429 in
130 4383 199 4430 these
211 4381 299 4439 worda,
312 4381 361 4429 aad
375 4381 401 4428 in
415 4381 458 4428 the
472 4381 544 4443 unlty
561 4381 590 4429 ot
603 4382 648 4429 the
695 4382 745 4430 and
756 4385 968 4446 unquentionable,
981 4385 1024 4433 the
1041 4399 1102 4448 very
1116 4399 1214 4434 asenec
1224 4382 1255 4433 of

93 4463 214 4512 Godhead
230 4463 255 4510 in
274 4465 357 4512 others
374 4462 464 4511 almost
481 4461 648 4526 immediately
696 4463 946 4525 Catholicdoctrine5
960 4465 1079 4514 auditis
1095 4465 1139 4514 the
1153 4466 1248 4527 mad,

92 4544 232 4607 preceding,
250 4545 352 4592 alterum
365 4550 444 4591 turrea
462 4542 549 4601 Deam,
558 4550 646 4604 prester
694 4545 813 4594 audacto
824 4546 908 4610 apealr,
920 4544 1250 4612 ungnndeduaytnwhioh

1340 4592 1402 4692 A
