2954 4986
559 345 740 397 GAINITAE.
1158 333 1221 396 241

68 511 139 569 tota
172 504 371 572 humectatio
397 504 528 590 spiritus
556 504 683 569 luminis
712 505 891 593 colligatur,
922 515 957 573 et
982 506 1164 593 abripiatur
1187 509 1221 574 i'u
1270 522 1352 561 ΗΜ

1256 568 1356 606 xxrlth.

67 605 208 668 AEonem
226 605 545 691 incorruptibilitatis.
1232 614 1384 699 θξῑῆὲξῗξν

143 710 175 772 8.
229 704 323 770 Tales
340 706 468 791 quidem
488 705 661 769 secundum
684 728 738 770 ecs
757 706 925 771 sententiae
943 713 1037 772 sunt:
1059 707 1219 794 aquibus,
1267 708 1356 746 ¹¹⁸¹*

66 804 154 870 velut
183 805 336 870 ¹Lernaea
361 805 473 892 hydra,
502 804 669 890 multiplex
698 806 855 892 capitibus
884 806 952 871 lere
982 807 1022 871 de
1055 806 1222 874 Valentini

65 905 174 970 schola
189 913 344 991 generata
361 914 421 970 est.
462 905 622 981 ²Quidam
642 906 726 970 enim
746 905 848 991 ipsam
865 904 1017 991 Sopbiam
1040 916 1222 993 serpentem

64 1003 186 1069 saetam
199 1005 325 1071 dicunt:
347 1014 544 1092 quapropter
561 1012 594 1070 et
612 992 809 1071 contrariam
820 1005 980 1070 exstitisse
995 1007 1110 1072 factori
1124 1008 1219 1086 Adoe,

64 1111 100 1167 et
116 1104 312 1191 agnitionem
329 1105 509 1170 hominibus
529 1104 703 1181 immisisse,
722 1115 756 1170 et
779 1113 913 1191 propter
933 1105 994 1170 hoc
1015 1107 1137 1172 dictum
1154 1129 1221 1171 ser-

63 1213 195 1287 pentem
211 1205 352 1269 omnium
368 1205 603 1291 sapientiorem.
656 1205 721 1269 Sed
745 1213 778 1270 et
794 1213 928 1291 prepter
949 1206 1139 1291 positionem
1156 1206 1220 1270 3ἰιι-

63 1303 256 1367 testinorum
279 1311 460 1369 nestrorum
482 1326 541 1389 per
558 1326 629 1388 quae
652 1327 724 1370 esca
746 1305 892 1383 infertur,
916 1309 972 1370 ⁴ec
995 1303 1032 1390 [l.
1060 1307 1109 1394 et]
1134 1307 1219 1391 quod

63 1402 164 1466 talem
189 1404 325 1490 figuram
346 1404 496 1482 habeant,
521 1405 744 1470 ostendentem
772 1407 959 1471 absconsam
985 1405 1220 1491 generatricem

62 1503 221 1588 serpentis
237 1504 347 1591 ligurae
363 1503 577 1569 substantiam
593 1503 626 1567 in
641 1505 741 1568 nobis.

142 1707 175 1775 9.
219 1686 352 1758 Ἀλλοι
383 1684 425 1770 δὲ,
459 1684 513 1763 οῦς
544 1686 684 1763 Καΐνοῦς
717 1683 916 1786 ὀνομάζουσι
950 1687 1003 1758 καὶ
1034 1685 1097 1758 τὸν
1130 1687 1345 1805 Kriirpppopp.

64 1797 174 1896 φασὶν
198 1799 232 1868 ἔκ
255 1807 312 1880 τῆς
336 1799 456 1870 ἄνωθεν
480 1800 648 1876 αιῖθεντῖας
671 1803 911 1898 λελυτρῶσθαι,
934 1800 988 1869 καὶ
1014 1798 1075 1870 τὸν
1092 1799 1217 1884 Ἠσαῦ,

62 1910 117 1980 καὶ
154 1909 215 1981 τὸν
252 1909 353 2011 Κορὲ,
385 1912 438 1981 καὶ
474 1911 551 1988 τοῦς
584 1909 784 1995 Σοδομίτας,
817 1912 870 1981 καὶ
909 1913 1036 1988 πάντας
1075 1909 1109 1981 di
1143 1912 1220 1989 τοῦς

62 2024 243 2107 τοιούτους,
270 2034 441 2115 συγγενεῖς
466 2022 564 2100 idione
590 2026 810 2115 ὁμολογοῦσι.
876 2023 947 2093 Kal
980 2025 1120 2101 τούτους
1153 2024 1218 2096 ῦττὸ

60 2133 122 2218 μὲν
146 2141 210 2206 τοῦ
233 2142 374 2219 ποιητοῦ
395 2140 579 2220 μισηθῆναι,
603 2134 762 2220 μηδεμίαν
779 2133 813 2206 δὲ
832 2132 972 2224 βλάβην
991 2134 1217 2232 εἰσδέξασθαι·

137 2339 169 2403 9.
220 2337 304 2401 ⁵Alii
340 2344 448 2402 autem
476 2360 585 2402 rursus
618 2336 697 2402 Cain
731 2359 751 2401 a
784 2334 947 2422 superiore
981 2337 1219 2423 principalitate

61 2437 185 2515 dieunt,
203 2446 237 2502 et
253 2436 351 2514 Esau,
367 2444 401 2502 et
419 2437 511 2516 (lore,
530 2447 564 2503 et
582 2436 774 2513 Sodomitae,
790 2445 825 2501 et
840 2456 949 2500 omnes
966 2437 1048 2500 tales
1065 2445 1219 2525 cognatos

60 2558 136 2601 suos
153 2537 363 2611 confitentum
384 2545 417 2602 et
434 2544 568 2623 propter
580 2537 641 2601 hoc
658 2559 678 2601 a
693 2537 815 2602 faetore
829 2535 1044 2623 impugnatos,
1060 2537 1219 2602 neminem

60 2659 103 2700 ex
131 2636 177 2701 eis
202 2637 285 2702 male
311 2644 460 2723 acceptos
487 2636 586 2725 [mala
616 2636 823 2725 acceptasse}
882 2634 1002 2722 Sophia
1031 2637 1116 2702 enim
1141 2636 1218 2701 illud

111 2842 121 2874 ¹
140 2843 173 2891 So
184 2843 356 2891 Hm’omus
367 2859 425 2908 says
439 2844 467 2892 of
480 2845 523 2893 the
538 2844 565 2893 N
567 2859 620 2894 aas·
665 2844 758 2892 certain
770 2848 857 2893 extent
867 2844 929 2893 with
940 2844 983 2892 the
994 2843 1012 2892 J
1014 2845 1088 2892 ewish
1100 2843 1218 2905 Oabbala,

59 2925 300 2989 senesorOphites;
318 2925 371 2973 ἀλλ’
384 2926 617 2986 έπεέτολυκέφαλδς
665 2925 747 2973 where
768 2941 785 2972 a
812 2925 933 2989 principal
960 2926 1097 2974 excellence
1124 2925 1153 2972 of
1177 2925 1220 2973 the

59 3007 128 3052 έατιν
142 3004 159 3061 ἡ
173 3004 305 3063 thetmari
320 3005 616 3064 πολυσχιδὴςὼιδληδῶι
664 3007 852 3070 Audrogynous
885 3006 1090 3069 Microprosopus
1124 3007 1145 3054 is
1179 3006 1220 3053 de-

59 3086 215 3146 έστορουμένη
227 3086 293 3147 δδρα,
305 3087 368 3133 κατὰ
378 3086 532 3144 μίανταύτης
543 3091 615 3145 κεφα·
665 3088 761 3136 scribed
776 3104 804 3136 as
820 3088 929 3150 forming
941 3088 984 3135 the
995 3087 1101 3135 iuterna]
1112 3085 1202 3134 eiecere
1210 3104 1220 3140 ,-

58 3166 385 3226 λὰςτατέξαντες...ἅπαν
395 3164 513 3228 τδθηρέον
522 3166 615 3228 damph
666 3169 783 3235 rpnnmt
818 3169 922 3219 utnon
954 3168 1006 3218 ’Νῆ
1036 3168 1148 3218 imm<
1186 3168 1220 3219 ll'l

58 3265 141 3306 σομεν.
176 3247 361 3296 Philus.v.11.
665 3250 737 3315 illito
756 3249 820 3298 Idra
838 3249 929 3298 Ralla.
949 3261 990 3298 xn.
1032 3249 1154 3296 Μονιουετ
1173 3246 1222 3295 thie

109 3326 202 3378 ’Τινὲς
224 3330 250 3377 δέ
272 3330 343 3378 aaa
362 3327 405 3376 τὸν
421 3328 477 3389 δφιν
492 3329 524 3389 τῇ
541 3328 616 3390 σοφίᾳ
663 3330 733 3392 ρδοιγ
747 3330 836 3392 spraud
853 3338 894 3378 met
905 3330 987 3393 serene
1002 3329 1039 3378 tlte
1055 3330 1153 3379 eiecere.

60 3411 167 3458 συνεῖναί
189 3417 259 3471 φασι,
283 3411 323 3458 καὶ
342 3410 373 3458 ὡς
391 3410 560 3470 &surriperet
581 3411 618 3469 τῷ
713 3410 899 3461 ‘Thoumna
916 3411 1052 3475 readinget
1065 3412 1086 3459 is
1099 3411 1221 3475 proposed

61 3489 151 3553 ποιητῇ
163 3494 313 3551 πολεμοῦντα
324 3490 454 3550 τδνἊδὰμ
464 3492 616 3550 ἐξαπατῆσαι
664 3493 691 3540 in
713 3492 762 3541 lieu
785 3494 813 3541 of
832 3494 951 3542 Gnanu's
968 3509 1001 3552 eo,
1026 3493 1065 3540 sor
1082 3493 1103 3541 it
1122 3498 1221 3542 returns

61 3575 101 3620 καὶ
129 3575 255 3622 δεδωκέναι
276 3574 322 3632 τὴν
345 3574 441 3633 γνῶσιν,
467 3573 507 3620 καὶ
530 3574 616 3620 τούτου
665 3576 746 3625 better
763 3577 818 3625 into
829 3575 928 3635 Groek;
946 3575 989 3623 the
1004 3574 1139 3623 translator
1152 3574 1219 3622 horr·

60 3654 133 3716 χάριν
144 3656 252 3716 εἰρῆσθαι
264 3656 445 3717 φρονιμώτατον
453 3655 511 3701 εἶναι
521 3654 616 3701 πάντων
665 3672 723 3705 ever
738 3656 797 3704 read
818 3657 940 3704 helmicus
958 3653 1121 3712 ostendentem,
1144 3670 1219 3718 appa·

60 3736 103 3787 τδν
120 3738 184 3798 δφιν,
220 3739 271 3785 Kal
286 3739 330 3797 τὴν
348 3739 507 3785 πολυέλικτον
526 3738 552 3784 δέ
568 3738 617 3784 τῶν
664 3738 746 3802 reutly
765 3739 791 3786 in
808 3753 876 3786 error
897 3737 936 3784 sor
957 3738 1071 3784 δεικνῦσα
1087 3735 1219 3796 mendene

61 3821 183 3882 ἡμετέρων
200 3820 299 3881 ἐντέρων
316 3820 382 3868 θέσιν
399 3821 443 3866 τοῦ
460 3819 536 3879 δφεως
552 3835 615 3880 περι·
665 3819 708 3867 the
719 3819 798 3867 entire
813 3823 929 3866 sentence
944 3817 1055 3880 running
1068 3833 1096 3865 as
1110 3817 1218 3869 lollowm

60 3905 155 3952 κεῖσθαι
166 3903 194 3950 τδ
209 3904 286 3961 σῶμα,
304 3903 428 3950 aeream
442 3901 486 3959 τὴν
500 3900 617 3959 remove
661 3897 743 3947 Ἀλλὰ
755 3900 794 3946 καὶ
809 3900 848 3946 διὰ
864 3899 908 3956 τὴν
925 3899 973 3945 τῦν
989 3898 1110 3960 ἡμετέρων
1121 3900 1221 3961 έντέρων

60 3986 149 4046 σοφέαν
168 3985 212 4031 τοῦ
230 3985 314 4045 ὄφεως.
348 3983 450 4031 Talon.
468 3981 538 4030 Hoer.
552 3980 613 4030 Fae.
667 3980 738 4038 θέσιν,
764 3976 793 4026 δι’
814 3975 847 4026 ds
866 3979 1003 4040 εἰσφέρεται
1020 3977 1048 4027 rt
1065 3981 1159 4042 βρῶμα,
1180 3981 1221 4028 καὶ

59 4079 133 4126 1.14.
169 4063 215 4113 See
231 4064 282 4112 also
298 4081 323 4128 p.
337 4065 392 4124 228,
406 4079 431 4112 n.
449 4077 468 4111 r.
666 4064 705 4111 διδ
722 4060 750 4111 τδ
768 4063 832 4122 ἔχειν
845 4062 938 4109 τοιάνδε
954 4062 998 4120 τὴν
1014 4063 1145 4124 μόρφωσιν,
1160 4065 1219 4111 δειε-

109 4146 121 4179 ⁸
136 4147 308 4194 Hirronruus
319 4150 458 4209 represents
469 4144 513 4193 tbe
524 4143 616 4208 Ophite
666 4146 731 4194 νῦσιν
747 4143 956 4205 ἀποκεκρυμμένην
975 4160 997 4192 κ.
1007 4161 1030 4191 τ.
1040 4147 1064 4192 λ.
1098 4144 1152 4193 The
1166 4160 1220 4193 sen·

59 4229 183 4296 principal
201 4229 278 4289 AEon,
305 4229 348 4277 the
365 4233 466 4290 ιενρευι,
492 4242 520 4275 ae
543 4226 617 4289 being
665 4225 806 4274 teuceasit
816 4239 874 4272 now
884 4223 971 4272 stands
981 4223 1003 4271 is
1014 4223 1202 4287 unintelligible.

58 4313 218 4379 represented
235 4313 268 4376 by
284 4312 327 4360 the
341 4310 514 4360 convolutione
532 4309 561 4358 ol
573 4310 617 4358 the
715 4305 726 4336 ¹⁵
753 4302 828 4354 Οῦτοέ
862 4313 924 4367 φασι
954 4304 996 4352 τόν
1028 4306 1091 4352 Κάϊν
1120 4307 1146 4353 έκ
1178 4307 1221 4364 τῆι

58 4399 149 4456 braiu;
177 4396 224 4444 but
245 4397 297 4444 coir
317 4410 369 4442 was
393 4393 496 4458 typilied
518 4393 552 4456 by
574 4391 617 4440 the
667 4388 822 4448 ἰσχυροτέρας
842 4386 960 4444 δυνάμεως
978 4385 1094 4446 ὑπάρχειν
1117 4385 1156 4433 καλ
1178 4386 1222 4444 τῆι

57 4483 169 4544 serpent,
192 4475 241 4525 and
258 4476 301 4525 the
319 4480 371 4524 two
392 4474 459 4524 ideas
476 4474 615 4539 symbolise.
668 4471 757 4518 eece
776 4469 908 4516 αὐδεντέας·
937 4468 1003 4514 ἀλλὰ
1026 4467 1065 4513 καὶ
1081 4466 1123 4512 τδν
1138 4465 1222 4514 Ἠσαῦ

57 4563 120 4612 This
138 4557 255 4609 heretieul
271 4561 378 4607 account
394 4554 545 4606 harmonicen
561 4558 588 4603 to
602 4567 618 4600 a
668 4553 708 4600 καὶ
725 4551 779 4599 τοδε
796 4551 851 4611 περὶ
867 4550 940 4611 Κορέ,
960 4548 999 4595 καὶ
1015 4549 1070 4595 τοδε
1082 4548 1221 4605 Σοδομέταε·

149 4665 224 4712 rou.
243 4664 266 4713 r.
1092 4634 1134 4698 16
