2954 4986
373 362 636 416 cousnumuur
660 361 957 414 vrtaurrumur.
1172 344 1238 412 299

82 519 240 595 dixerunt,
253 517 286 581 in
297 539 389 602 quem
403 537 514 582 sensus
527 515 704 603 intelligens
717 515 846 611 est-ejus
857 514 940 599 quod
952 512 1085 601 primum
1098 533 1238 599 assump
1278 534 1332 575 ara
1342 535 1371 575 u.

1281 582 1338 619 xviii.
1347 584 1366 619 5.

82 629 152 685 tum
175 629 235 698 est,
259 619 371 705 quaerit
398 620 599 704 quoadusque
624 619 795 705 defatigata
819 618 860 682 ad
884 640 981 681 unum
1005 624 1038 682 et
1056 615 1239 680 indivisibile
1258 627 1389 713 Gya-4¹33}

80 731 258 788 concurrat.
304 722 348 786 Et
371 744 440 787 esse
469 722 608 787 omnium
634 720 767 795 initium,
794 728 827 785 et
855 720 1062 785 substantiam
1087 718 1237 783 universae
1252 721 1399 808 LV&-

81 823 292 910 generationis
309 825 394 900 Heu,
406 824 437 887 id
450 832 499 887 est
512 823 621 886 Unum
634 848 641 887 ι
666 846 706 888 ex
720 824 780 888 hoc
794 832 900 888 autem
916 823 1068 908 Dyadem,
1081 830 1113 887 et
1129 822 1238 886 Tetra·

38 951 62 988 s
82 923 164 1001 dem,
195 930 228 987 et
258 923 459 1000 lPentadem,
489 931 522 987 et
548 922 735 1008 reliquorum
765 923 964 988 multifariam
997 921 1238 1009 generationem.

85 1027 167 1092 Haec
182 1027 215 1091 hi
229 1028 270 1092 ad
285 1029 411 1092 verbum
431 1027 470 1092 de
486 1027 683 1092 Plenitudine
697 1049 824 1091 suorum
838 1035 872 1092 et
887 1026 991 1112 Bytho
1005 1026 1133 1090 dicunt:
1157 1025 1239 1090 unde

83 1131 179 1195 etiam
191 1139 224 1194 et
236 1152 289 1195 eas
300 1138 452 1215 quaesunt
463 1130 585 1204 denno,
598 1130 832 1216 conjugationes
840 1129 1024 1194 annituntur
1033 1128 1237 1205 introducere,

84 1256 154 1318 quae
172 1234 303 1298 Marcus
317 1233 401 1297 velut
421 1255 479 1297 sua
493 1234 628 1318 jactans,
644 1233 728 1298 velut
742 1232 852 1298 novius
866 1232 983 1317 aliquid
996 1231 1080 1296 visus
1095 1240 1144 1296 est
1159 1254 1238 1316 prae·

38 1351 62 1388 a
84 1344 133 1401 ter
143 1337 277 1422 reliquos
290 1334 494 1414 adinvenisse,
512 1336 700 1423 Pythagora
715 1335 994 1421 quaternationem,
1010 1334 1094 1400 velut
1108 1335 1237 1421 genesin

84 1447 116 1504 et
131 1448 263 1503 matrem
278 1439 416 1503 omnium
433 1459 589 1504 enarrans.

150 1542 181 1607 6.
225 1541 375 1607 Dicemus
389 1549 495 1606 autem
507 1541 654 1605 adversus
668 1561 740 1605 eos:
764 1547 909 1606 utrumne
924 1540 956 1604 hi
971 1539 1145 1625 omnesqui
1159 1561 1237 1624 prae-

83 1646 158 1710 dicti
167 1653 251 1723 sunt,
263 1667 334 1709 cum
346 1643 458 1731 quibus
473 1645 581 1709 eadem
597 1643 735 1709 dicentes
749 1644 923 1731 arguimini,
939 1651 1150 1730 cognoverunt
1161 1643 1237 1706 veri-

82 1757 192 1825 tatem,
207 1757 336 1812 autnon
348 1754 558 1832 cognoverunt
570 1748 581 1810 ἓ
610 1745 654 1810 Et
669 1746 696 1811 si
709 1746 833 1833 quidem
847 1753 1067 1833 cognoverunt,
1082 1744 1238 1830 superflua

83 1861 132 1917 est
148 1851 317 1917 Salvatoris
336 1852 369 1914 in
384 1851 466 1915 hunc
480 1851 631 1914 mundum
646 1849 814 1915 descensio.
861 1850 910 1914 Ut
924 1848 998 1936 quid
1013 1849 1096 1913 euim
1110 1848 1237 1912 descen·

83 1957 199 2020 debat!
242 1957 313 2019 ²An
327 1955 468 2041 nunquid
483 1963 518 2018 ut
532 1977 602 2019 eam
624 1976 694 2040 quae
706 1955 949 2040 cognoscebatur
962 1952 1086 2029 veritas,
1101 1952 1133 2015 in
1147 1951 1236 2037 agni-

83 2059 201 2123 tionem
215 2059 383 2123 addnceret
397 2058 456 2136 his,
472 2058 524 2143 qui
540 2065 733 2144 cognoscunt
748 2079 817 2121 eam
832 2056 1028 2120 hominibus?
1073 2054 1107 2118 Si
1129 2063 1236 2118 autem

84 2183 147 2225 non
168 2170 396 2249 cognoverunt3
420 2161 679 2247 quemadmodum
700 2160 809 2225 eadem
831 2182 902 2224 cum
923 2159 981 2236 his,
1000 2157 1053 2244 qui
1074 2156 1236 2222 veritatem

85 2286 148 2329 uon
163 2265 402 2352 cognoscebant,
418 2264 567 2341 dicentes,
582 2263 665 2328 solos
680 2263 885 2349 vosmetipsos
907 2285 976 2328 eam
996 2284 1066 2349 quae
1081 2268 1130 2327 est
1143 2281 1237 2346 super

85 2370 190 2433 omnia
218 2368 354 2455 cognitio
383 2369 497 2432 habere
525 2368 709 2455 gloriamini,
742 2390 836 2454 quam
868 2368 973 2445 etiam,
1004 2367 1057 2453 qui
1092 2367 1237 2452 ignorant

86 2472 201 2550 Deum,
225 2471 362 2536 habenti
407 2470 585 2535 Secundum
610 2471 803 2557 antiphrasin
825 2493 910 2558 ergo,
934 2468 1073 2534 veritatis
1094 2468 1237 2555 ignoran-

85 2573 173 2653 tiam,
194 2573 387 2660 agnitionem
408 2582 539 2640 vocant:
563 2582 596 2639 et
619 2575 697 2640 bene
723 2573 842 2639 Pardus
865 2574 920 2652 ait,
946 2574 1070 2637 9ινοιιιιιι
1092 2571 1239 2636 bonitates
1252 2592 1393 2633 rrmvaso

85 2711 182 2774 quiriae,
210 2711 273 2759 until
296 2727 363 2759 wora
385 2719 425 2759 out
447 2711 466 2760 e
489 2710 512 2760 is
533 2711 637 2760 resolued
735 2711 948 2760 ¹ThetermHeu
959 2710 1128 2774 representing
1139 2708 1239 2773 Bythos

86 2802 111 2841 ut
133 2792 213 2856 leiustb
234 2793 262 2842 ιἰι
284 2793 322 2842 tle
343 2793 488 2842 luctuosos
508 2793 560 2842 aad
579 2794 635 2843 One.
686 2793 736 2842 and
755 2794 820 2857 Siga,
842 2793 913 2856 Dyas
931 2809 990 2856 may
1007 2793 1038 2841 be
1056 2792 1133 2840 taken
1151 2806 1179 2839 as
1196 2791 1239 2838 the

85 2877 146 2925 This
168 2893 295 2941 expresses
317 2882 344 2925 at
366 2877 409 2926 the
431 2894 498 2926 samo
515 2878 577 2926 time
594 2879 637 2926 the
686 2875 741 2923 lirst
757 2880 807 2923 two
824 2875 878 2939 pair
893 2875 921 2922 of
936 2874 1124 2934 AEons,Tctras
1141 2873 1179 2920 for
1196 2873 1239 2920 the
1330 2920 1337 2938 ι

86 2960 261 3023 Pythagorean
293 2960 389 3019 notion,
419 2960 470 3008 and
498 2965 637 3023 represents
687 2958 799 3020 Ogdoad,
824 2958 873 3006 and
902 2958 993 3005 Pentas
1019 2958 1059 3005 for
1083 2957 1126 3005 the
1153 2954 1238 3003 Deoad

85 3041 176 3105 closely
186 3041 397 3090 theValentinian
409 3042 503 3105 theory.
522 3041 638 3090 Gnssn's
686 3039 788 3088 evolved
810 3041 844 3102 by
866 3039 949 3101 Logos
971 3038 1022 3086 and
1044 3038 1100 3086 Zoe.
1140 3037 1171 3084 Iu
1195 3036 1239 3084 the

84 3129 144 3172 note
165 3124 186 3171 is
206 3140 233 3171 aa
251 3124 354 3182 follows,
375 3124 422 3171 but
443 3124 474 3170 he
496 3123 582 3170 makes
604 3118 637 3169 n'o
686 3121 862 3185 Pythagorean
878 3125 972 3182 system
990 3135 1006 3166 a
1019 3118 1134 3181 nrystical
1150 3118 1238 3165 notion

85 3221 146 3268 very
151 3204 382 3268 intelligiblesense.
403 3203 638 3253 Smsetionisaatem
686 3219 737 3250 was
751 3202 867 3250 attached
883 3207 910 3250 to
927 3202 970 3249 the
987 3200 1092 3260 Pentad,
1106 3216 1133 3248 aa
1145 3200 1238 3248 wellas

84 3287 160 3334 initis
176 3286 297 3346 diarum,
313 3286 341 3334 iu
357 3293 482 3349 quent-um,
499 3285 585 3334 Graece
597 3285 636 3346 ἐφ’
685 3291 712 3334 to
727 3287 771 3334 the
782 3285 881 3344 Tetrad,
896 3285 935 3332 for
952 3286 972 3333 it
989 3285 1010 3332 is
1024 3284 1067 3332 the
1082 3299 1137 3332 sum
1153 3283 1182 3331 of
1195 3283 1238 3332 the

85 3372 141 3418 ὅσον
159 3370 213 3433 (pro
232 3369 260 3417 ia
276 3385 360 3431 ᾳιιιιιιι
381 3385 440 3417 nam
463 3373 568 3431 utraque
587 3384 636 3416 vox
687 3366 761 3430 Dyad
779 3365 893 3429 squared,
917 3364 947 3430 (ι’.
964 3381 982 3415 ι.
1000 3365 1033 3413 its
1047 3365 1102 3413 first
1121 3364 1236 3429 develop-

85 3451 171 3498 eodem
184 3450 235 3499 fere
252 3449 326 3498 modo
342 3450 487 3498 abbreviata
498 3450 524 3496 in
536 3449 635 3512 quibus·
685 3447 1026 3511 mcnt,)iucreasedbyunity‚
1039 3446 1091 3494 The
1096 3446 1237 3510 Egyptians

85 3533 143 3580 dam
166 3531 243 3580 MSS.
264 3531 380 3594 occurrit)
402 3547 483 3580 ιιιιιιιι
504 3531 638 3592 intelligens
685 3533 833 3595 numberiug
850 3532 884 3595 by
898 3530 957 3591 fieus
973 3529 1121 3578 termcdthe
1139 3544 1237 3592 process

86 3615 187 3675 (omisso
198 3621 245 3669 em
261 3614 348 3662 Gnece
360 3614 450 3662 διάνοια
461 3613 576 3671 συνιεῖσα)
588 3613 637 3674 q'us
687 3615 827 3673 πεμπάζειν.
858 3612 938 3661 Paua.
955 3612 992 3660 Os.
1006 3618 1026 3660 ct
1039 3610 1072 3660 Is.
1087 3608 1125 3672 56,
1144 3610 1194 3658 and
1210 3616 1236 3658 to

85 3695 149 3758 quod
172 3695 282 3756 minum
307 3701 457 3756 assumptum
483 3702 522 3754 est,
552 3695 637 3756 pumat
685 3696 728 3743 the
750 3698 850 3758 present
876 3693 924 3756 day
948 3693 1006 3741 Fies
1027 3694 1048 3741 is
1076 3693 1118 3740 the
1146 3693 1237 3757 mystis

84 3777 240 3839 praedasque
252 3775 400 3838 defatigatus
415 3776 468 3838 (pro
480 3776 635 3839 defetigata),
685 3777 791 3824 number
801 3776 829 3823 os
837 3775 880 3822 the
892 3775 964 3824 Euat.
1001 3774 1038 3822 cf.
1052 3773 1162 3835 erua,
1177 3773 1235 3823 Ine.

85 3857 532 3906 manumeindivaioileconcurrar.
557 3857 635 3919 Deso-
685 3857 733 3907 Pe.

84 3941 161 4002 tiyatu
172 3946 256 3988 autem
272 3956 303 3988 ex
321 3940 409 3988 Graeco
421 3942 637 3999 καταπεπονημένη
734 3937 803 3986 ’Ast
821 3939 841 3986 is
858 3937 974 3999 restored,
987 3938 1008 3986 it
1025 3938 1100 4002 being
1116 3938 1195 3987 found
1211 3940 1238 3987 iu

84 4022 124 4071 vel
142 4023 303 4080 κεκιννιωμένη
320 4022 404 4085 posuit
418 4022 547 4085 interpres,
566 4022 637 4069 velut
685 4022 746 4071 both
757 4023 799 4069 the
811 4021 909 4069 Cusum
923 4021 973 4068 and
983 4020 1035 4068 Au.
1049 4020 1125 4068 MSS.
1139 4021 1235 4079 μήτιγε.

84 4105 184 4176 oblitus,
198 4104 264 4167 qnod
278 4103 457 4166 praecedentem
469 4103 581 4152 Graecam
593 4119 635 4152 vo·
734 4103 842 4151 3ιινοιιιιι
859 4103 979 4152 nautales.
1011 4104 1054 4151 Aa
1073 4102 1194 4163 Interprrs
1210 4116 1238 4149 ee

85 4201 139 4234 cem
161 4187 252 4234 διάνοια
274 4185 365 4234 Latine
386 4185 518 4233 masculini
540 4185 636 4248 generis
686 4186 774 4235 [reruni
792 4187 871 4234 Gmco
887 4183 1097 4245 xenodochum
1109 4198 1157 4244 pro
1173 4197 1237 4230 neore

86 4268 195 4316 verterit.
242 4268 372 4316 Mnaseus
403 4267 454 4315 still
483 4268 566 4315 leaves
594 4267 637 4315 the
685 4268 886 4319 assumserim
894 4265 1236 4316 Bibliorumeersiouevocum

85 4350 182 4411 ground
193 4365 256 4413 open
269 4356 295 4398 to
306 4351 344 4397 his
359 4365 504 4408 successore,
519 4349 568 4396 and
579 4365 636 4396 con·
685 4352 809 4400 novitates
818 4350 932 4412 perctarit,
942 4349 1070 4409 orrtbiyuus
1082 4346 1164 4396 lucres
1200 4346 1238 4396 De

86 4431 169 4480 eludes
191 4433 230 4481 his
248 4438 306 4480 note
326 4433 384 4480 with
404 4433 447 4480 the
465 4431 553 4491 words,
579 4431 638 4479 Lori
686 4433 729 4482 loc
740 4433 814 4493 fidens
830 4432 924 4480 tiberiade
930 4431 1030 4493 faciunt
1045 4437 1098 4490 poet
1111 4429 1237 4477 Ter-tullio·

85 4513 277 4577 lsejueembuyes
290 4515 390 4563 resolvat
405 4514 489 4561 melius
500 4513 543 4576 qui
552 4513 633 4575 possit.
686 4531 745 4562 utrm
768 4515 798 4563 de
820 4514 958 4575 Prrrsrript.
983 4512 1097 4560 mlcersus
1119 4511 1245 4560 Ιιιινιιίιοι

87 4595 125 4644 cf.
138 4597 189 4645 also
200 4614 242 4661 pp.
257 4612 296 4658 ιι,
308 4612 345 4647 az.
689 4612 742 4658 cap.
763 4594 798 4656 16,
817 4594 994 4644 Ambrosiuster
1012 4592 1040 4640 iu
1058 4593 1185 4641 (luminant.
1203 4593 1238 4642 od
