2954 4986
248 327 297 397 62
664 346 815 398 ouulsrr
838 345 975 399 rassro.

90 519 230 604 hiiiiii'
248 510 355 578 τοῦτο
375 507 482 604 siphae,
502 506 763 602 προσαγομένου
782 507 885 577 αὑτοῦ
909 512 961 595 τῷ
985 502 1140 596 Πιλιίτφ,
1161 505 1206 576 τὸ
1232 508 1276 582 εἷς
1300 504 1400 576 αὐτὸν

85 611 234 696 mim·
248 617 431 691 κατατεθὲν
461 623 586 699 πνεῦμα
611 617 780 716 Χριστοῦ.
818 617 920 687 Ἀλλ’
945 616 1017 688 οὐδὲ
1039 617 1082 689 τὸ
1105 616 1175 688 ἀπὸ
1198 626 1258 699 τῆς
1275 616 1400 715 μητρὸς

250 731 387 829 σπέρμα
424 731 622 800 πεπονθέναι
649 731 817 821 λέγουσιν.
858 729 1025 806 1Ἀπαθὲς
1060 728 1128 829 γὰρ
1155 731 1208 800 καί
1242 729 1326 801 αὐτὸ
1357 729 1400 800 τὸ

251 840 293 949 [l.
314 836 397 945 dre]
416 841 643 926 πνευματικὸν,
671 843 724 912 καί
754 844 903 940 ἀόρατον
928 843 981 912 καί
1009 844 1096 931 αὐτῷ
1124 847 1175 932 τῷ
1199 841 1398 939 δημιουργῷ.

249 953 408 1024 αἜπαθε
426 953 460 1024 δὲ
479 953 601 1024 λοιπὸν
619 986 685 1026 κατ
711 986 828 1032 αυτους
846 988 865 1026 ο
886 954 1032 1052 ψυχικὸς
1050 954 1217 1054 Χριστὸς,
1246 955 1302 1024 καὶ
1331 955 1400 1024 ὁὲκ

249 1075 307 1149 τῆς
327 1067 511 1149 οἰκονομίας
528 1068 827 1150 κατεσκευασμένος
843 1066 1080 1166 μνσπηριοιδῶς,
1095 1070 1134 1138 ἵν’
1155 1066 1301 1161 ἐπιδείξῃ
1320 1061 1398 1172 [δι’]

250 1180 352 1250 αὐτοῦ
387 1182 404 1259 ἡ
440 1184 547 1276 μήτηρ
577 1177 636 1249 τὸν
665 1181 772 1250 τύπον
805 1186 868 1250 τοῦ
896 1179 959 1249 ἅνω
987 1180 1154 1279 Χριστοῦ,
1189 1182 1309 1250 ἐκείνου
1341 1185 1400 1249 τοῦ

251 1291 491 1366 ἐπιταθέντος
517 1297 568 1378 τῷ
584 1292 755 1390 3Σταυρῲ,
784 1291 836 1360 καί
868 1293 1114 1390 μορφώσαντος
1144 1292 1205 1375 τὴν
1232 1291 1400 1387 Ἀχαμὼθ

250 1405 429 1502 μόρφωσιν
454 1403 514 1485 τὴν
540 1403 612 1474 κατ’
638 1405 761 1474 οὐσίαν·
788 1400 900 1475 πάντα
924 1401 992 1503 γὰρ
1010 1411 1119 1475 ταῦτα
1138 1406 1260 1480 τύπους
1279 1403 1399 1474 ἐκείνων

252 1514 330 1586 εἶναι
357 1516 509 1606 λέγουσι.
553 1512 625 1591 Τὰς
652 1515 686 1586 δὲ
715 1517 887 1612 ἐσχηκυίας
915 1519 960 1589 τό
988 1518 1123 1615 σπέρμα
1150 1523 1208 1600 τῆς
1232 1515 1400 1611 Ἀχαμὼθ

252 1625 369 1724 ψυχὰς
403 1627 549 1709 ἀμείνους
587 1628 726 1719 λέγουσι
767 1630 938 1720 γεγονέναι
976 1634 1043 1700 τῶν
1073 1633 1209 1699 λοιπῶν·
1259 1627 1311 1700 ded
1349 1627 1398 1697 καί

252 1747 369 1810 πλεῖον
386 1744 452 1812 τῶν
472 1739 585 1810 ἄλλων
601 1745 794 1832 ἤγαπῆσθαι
816 1740 879 1812 ὑπὸ
900 1747 962 1812 τοῦ
972 1742 1196 1839 Δημιουργοῦ,
1213 1741 1258 1823 μὴ
1276 1739 1400 1815 εἰδότος

251 1853 312 1935 τὴν
332 1852 450 1936 αἰτίαν,
470 1849 560 1923 ἀλλὰ
581 1855 659 1952 παρ’
679 1857 781 1923 αὑτοῦ
797 1852 1018 1953 λογιζομένου
1037 1852 1115 1923 εἶναι
1135 1854 1303 1930 τοιαύτας.
1338 1851 1401 1921 Διὸ

252 1965 304 2034 καί
344 1967 386 2041 εἷς
421 1970 612 2063 προφήτας,
648 1965 765 2063 φασίν,
808 1968 952 2036 ἕτασσεν
991 1966 1106 2041 αὖτοὺς
1150 1960 1303 2071 [αὖτᾶς],
1349 1963 1469 2034 rainu

252 2209 402 2284 Pilatum,
420 2210 506 2275 iilum
521 2211 574 2297 qui
592 2211 754 2297 depositus
769 2221 839 2277 erat
861 2211 893 2275 in
916 2233 988 2276 eum
1008 2211 1139 2297 spiritus
1155 2210 1287 2276 Christi.
1341 2211 1403 2277 Sed

251 2333 291 2375 ne
314 2311 347 2375 id
374 2309 500 2396 quidem
524 2312 609 2396 quod
632 2321 778 2376 amatre
804 2319 875 2377 erat
897 2333 1014 2386 semen,
1041 2333 1168 2395 passum
1192 2334 1260 2375 esse
1283 2311 1403 2377 dicunt.

253 2409 450 2495 impassibile
473 2411 557 2475 enim
583 2420 616 2475 et
642 2411 728 2483 illud.
754 2412 869 2496 quippe
891 2410 1043 2496 spiritale,
1069 2419 1104 2474 et
1127 2410 1283 2475 invisibile
1308 2411 1405 2477 etiam

253 2511 312 2595 ipsi
346 2508 529 2596 Demiurgo.
591 2509 708 2575 Passus
741 2521 790 2575 est
823 2517 931 2575 autem
964 2511 1135 2574 secundum
1170 2511 1228 2574 hos
1262 2510 1406 2575 animalis

255 2608 411 2684 Christus,
430 2616 463 2674 et
486 2610 538 2673 ille
560 2609 614 2695 qui
640 2632 679 2674 ex
706 2610 910 2695 dispositione
935 2610 1107 2674 fabricatus
1130 2608 1163 2673 in
1188 2610 1352 2696 mysterio,
1370 2619 1406 2675 ut

253 2708 403 2773 ostendat
430 2731 489 2794 per
518 2732 589 2773 eum
616 2718 721 2774 mater
749 2717 862 2794 typum
886 2708 1054 2795 superioris
1079 2709 1209 2784 Christi,
1237 2709 1320 2774 illius
1353 2709 1405 2797 qui

253 2815 403 2872 extensus
420 2817 470 2873 est
486 2808 590 2883 Cruci,
601 2816 635 2873 et
646 2809 793 2872 formavit
804 2808 987 2874 Achamoth
998 2808 1219 2873 formationem
1232 2809 1406 2873 seeundum

253 2906 485 2971 substantiam:
514 2908 620 2972 omnia
653 2908 736 2971 enim
763 2909 830 2971 haec
860 2908 1004 2992 exempla
1034 2908 1158 2972 illorum
1186 2931 1256 2972 esse
1286 2909 1405 2973 dicunt.

255 3005 320 3071 Eas
330 3029 404 3071 vero
418 3030 488 3092 quae
500 3007 681 3072 habuerunt
691 3029 797 3071 semen
813 3007 845 3071 id
858 3009 941 3092 quod
955 3015 1004 3072 est
1017 3008 1058 3072 ab
1073 3007 1261 3072 Achamoth
1274 3009 1405 3084 animas,

253 3106 398 3171 meliores
421 3107 531 3172 dicunt
556 3108 652 3172 fuisse
677 3130 772 3192 quam
797 3107 952 3192 reliquas:
979 3115 1174 3192 quapropter
1197 3115 1232 3172 et
1258 3108 1330 3192 plus
1356 3131 1408 3172 eas

253 3205 385 3271 dilectas
412 3230 432 3271 a
466 3206 650 3294 Demiurgo.
684 3230 748 3272 non
781 3207 901 3271 sciente
927 3229 1064 3279 causam,
1091 3207 1147 3270 sed
1181 3229 1203 3272 a
1236 3208 1407 3292 semetipso

252 3312 387 3388 putante
413 3328 481 3370 esse
503 3308 593 3370 tales.
647 3308 854 3392 Quapropter
871 3315 905 3371 et·
925 3307 957 3369 in
976 3307 1157 3391 prophetas,
1176 3306 1280 3383 aiunt,
1302 3307 1407 3372 distri-

251 3548 292 3596 od.
329 3548 447 3596 Prodite
462 3562 571 3607 υιαιιιιυι,
586 3563 614 3596 or
624 3549 802 3615 tradiodsop·
900 3551 1035 3615 ’Zraoptr
1051 3569 1080 3602 or
1095 3554 1191 3613 Herus,
1210 3571 1252 3604 see
1267 3561 1328 3605 note
1345 3556 1368 3617 6,
1380 3573 1404 3621 p.

247 3628 353 3689 pliadum
366 3628 556 3690 (impendam),
573 3646 615 3678 are
630 3630 695 3692 good
712 3631 804 3691 Latin;
853 3635 1093 3696 32‚asTn10n0121r
1100 3652 1165 3700 says,
1177 3639 1287 3700 Χριστὸν
1294 3641 1405 3688 ἔτικτον

251 3710 297 3759 but
308 3711 376 3759 tradi
388 3711 423 3758 od
439 3711 544 3773 aliquem
558 3713 632 3761 could
649 3729 724 3762 never
740 3715 803 3762 have
853 3713 921 3771 θῆναι
933 3714 972 3760 διὰ
983 3715 1026 3760 τοῦ
1038 3714 1118 3775 Ὄρου,
1134 3716 1176 3763 καὶ
1195 3717 1308 3778 Σταυροῦ
1325 3721 1405 3767 καλου

251 3791 313 3839 been
324 3792 432 3840 written.
467 3792 535 3841 Here
552 3794 647 3843 Ganos
663 3800 731 3843 must
747 3796 803 3859 give
851 3793 929 3851 μένου.
960 3793 1081 3858 Compare
1092 3795 1136 3843 the
1147 3797 1217 3844 word
1230 3798 1405 3848 ἐτειτιιθιὶςὶιι

251 3887 307 3934 way
318 3877 346 3920 to
357 3872 399 3920 the
412 3873 579 3923 Benedictine.
852 3875 865 3932 ἓ
881 3873 917 3934 16,
932 3875 1011 3924 where
1029 3875 1088 3924 itis
1106 3877 1209 3939 parallel
1220 3879 1285 3927 with
1297 3881 1402 3936 ἐπιστὰς,

301 3951 428 4011 waes,
443 3953 562 4001 rendered
579 3956 614 4018 by
631 3955 803 4004 Traronnmn
851 3961 879 4004 to
901 3958 944 4005 the
966 3964 1025 4005 note
1047 3974 1116 4021 upon
1138 3959 1221 4008 which
1242 3977 1350 4025 passage
1366 3961 1405 4009 the

251 4032 436 4092 ιἀιιιὸάίίίυιυυ,
455 4034 518 4082 froin
536 4036 579 4083 the
597 4036 652 4084 idea
669 4038 698 4084 of
710 4039 804 4098 subjee·
852 4039 937 4086 reader
959 4039 980 4087 is
1000 4039 1113 4088 referred.
1160 4040 1337 4092 Taurunum
1358 4044 1405 4092 auo

250 4115 328 4178 tivity
339 4115 455 4163 involved
467 4116 491 4162 in
504 4117 617 4176 πάσχειν.
852 4119 931 4166 shews
949 4121 1005 4168 that
1023 4121 1053 4168 he
1069 4121 1223 4171 understood
1241 4125 1286 4174 the
1301 4131 1365 4174 term
1381 4139 1404 4173 st

301 4192 312 4224 ¹
328 4194 431 4241 Patitur
452 4210 505 4242 sero
522 4195 640 4243 animetis
662 4204 681 4245 σι
704 4213 805 4245 romnus
852 4200 895 4248 the
913 4216 1037 4264 synon)m
1048 4201 1077 4248 of
1091 4201 1187 4262 Herus,
1202 4206 1291 4255 rather
1307 4208 1368 4256 than
1382 4221 1405 4255 as

253 4276 364 4327 Christus
394 4276 423 4323 ιἰι
457 4277 640 4326 ddirreatioasm
672 4280 805 4340 asperseris
852 4281 1176 4344 involvingthenotionot'
1190 4287 1333 4340 thecross
1363 4288 1406 4349 Qu·

253 4358 352 4409 Christi.
371 4358 450 4406 Thur.
463 4374 485 4407 c.
500 4370 537 4420 27.
572 4357 615 4407 τόν
629 4361 705 4407 τύπον
719 4361 744 4407 in
761 4361 804 4409 the
852 4362 887 4409 cd
906 4362 1042 4411 Achamoth
1053 4363 1229 4428 formandam,
1243 4370 1406 4420 monstrati

251 4445 306 4489 text
317 4445 431 4503 suggests
449 4441 492 4488 the
510 4440 666 4488 emendation
684 4442 805 4504 proposed
852 4458 901 4491 ιιοιι
927 4443 1074 4505 αρυᾱίυιιαὶί
1095 4446 1185 4508 forino
1210 4451 1298 4514 Ογαοί,
1327 4453 1356 4502 s‘d
1379 4459 1406 4500 a

251 4521 276 4568 in
289 4525 349 4568 note
364 4535 384 4578 1,
397 4537 421 4583 p.
435 4518 475 4568 61.
852 4523 929 4584 Horo,
938 4524 1144 4586 sacrationem
1158 4546 1181 4579 c.
1197 4543 1239 4595 27.
1268 4534 1329 4586 Stil}
1342 4535 1408 4585 ifthe
