2954 4986
422 350 425 356 ·
462 349 511 401 ur
535 347 665 402 passm
692 350 855 403 sermm.
1170 335 1237 399 323

82 502 228 580 validam,
243 508 361 586 atquae
383 523 448 567 non
463 502 659 577 ¹accederet;
683 525 745 569 nou
761 504 863 569 solum
881 505 947 589 ipse
967 526 1032 569 non
1045 504 1239 590 periclitatus
1278 517 1331 556 ΜΒ»
1342 517 1371 557 1¹·

1278 563 1345 601 xxxii.
1354 566 1373 601 ἣ.

82 605 248 688 corrumpi,
263 605 319 668 sed
339 612 371 669 et
393 612 572 688 corruptum
592 604 750 670 hominem
773 606 908 670 firmavit
928 608 1038 671 robore
1061 627 1127 682 suo,
1150 606 1238 671 etin
1285 609 1368 691 ξξξξζ·

82 707 344 791 incorruptionem
358 707 523 772 revocavit.
568 707 613 771 Et
628 707 715 771 AEon
730 708 854 792 quidem
869 729 980 792 passus
999 716 1048 773 est
1062 708 1238 792 passionem
1268 700 1384 785 Ἥῆιῑ·

81 809 149 893 ipse
160 809 319 893 requirens
334 809 473 887 Patrem,
488 816 521 874 et
535 831 598 874 non
612 809 783 893 praevalens
798 809 946 874 invenire:
964 810 1118 874 Dominus
1131 818 1238 874 autem
1252 821 1399 832 -“’

82 931 194 994 passus
208 918 268 986 est,
283 917 319 973 ut
333 931 388 974 eos
403 911 455 993 qui
474 918 655 975 erraverunt
669 931 689 975 a
704 911 811 988 Patre,
826 911 867 973 ad
881 911 1082 996 agnitionem,
1097 919 1131 975 et
1145 911 1239 995 juxta

82 1033 156 1076 eum
180 1012 358 1077 adduceret.
408 1011 454 1075 Et
479 1011 521 1074 illi
545 1011 670 1095 quidem
697 1011 857 1096 inquisitio
879 1012 1104 1098 magnitudinis
1133 1011 1239 1079 Patris

40 1196 45 1204 ι
83 1115 181 1180 fiebat
200 1116 303 1200 passio
320 1114 520 1199 perditionis:
544 1114 634 1178 nobis
656 1123 762 1179 autem
783 1115 937 1179 Dominus
960 1137 1081 1199 passus,
1105 1117 1239 1202 agnitio-

84 1238 158 1280 nem
174 1217 281 1282 Patris
302 1217 473 1295 conferens,
488 1215 621 1280 salutem
642 1215 779 1281 donavit.
821 1216 866 1280 Et
889 1216 971 1281 illius
989 1219 1113 1303 quidem
1135 1218 1240 1304 passio

85 1317 283 1384 fructificavit
311 1319 447 1383 fructum
475 1318 666 1396 foemineum,
689 1319 770 1382 sicut
796 1318 915 1395 dicunt,
937 1318 1114 1398 invalidum,
1137 1328 1170 1384 et
1193 1319 1240 1383 in·

85 1421 220 1497 firmum,
236 1429 269 1485 et
282 1420 455 1498 informem,
471 1428 503 1485 et
518 1420 725 1485 inefficacem:
750 1419 841 1484 istius
863 1428 968 1484 autem
985 1421 1089 1506 passio
1111 1420 1240 1485 fructifi-

86 1523 170 1588 cavit
189 1523 402 1588 l'ortitudiuem
426 1531 459 1587 et
482 1523 638 1588 virtutem.
682 1524 856 1588 Ascendere
878 1525 959 1588 euim
983 1526 1018 1588 iu
1043 1525 1241 1589 altitudinem
1252 1533 1400 1630 gegggffi

87 1625 242 1690 Dominus
261 1646 316 1711 per
334 1625 519 1711 passionem,
534 1625 690 1709 captivam
709 1624 801 1690 ducit
818 1626 1035 1710 raptimtmm,
1056 1626 1142 1690 dedit
1159 1626 1241 1690 dous

85 1727 265 1806 homiuibus,
276 1736 310 1793 et
324 1728 454 1793 contulit
468 1727 665 1791 credentibus
679 1726 711 1790 in
722 1748 757 1791 se
769 1749 860 1813 super
873 1738 1019 1813 serpeutee
1032 1738 1061 1793 et
1073 1730 1241 1814 scorpium
1254 1739 1304 1781 Lue-
1312 1749 1333 1780 ¹·
1343 1739 1372 1780 ¹2

86 1831 217 1906 calcare,
232 1840 261 1895 et
280 1851 372 1915 super
392 1851 506 1894 omrem
524 1830 666 1893 uirtutem
681 1829 813 1908 inimici,
829 1829 933 1906 idest,
949 1829 1096 1915 principis
1115 1837 1240 1914 aposta·

85 1934 151 1998 siae.
199 1933 243 1998 Et
265 1932 420 1997 Dominus
441 1931 564 2018 quidem
587 1952 642 2016 per
662 1931 837 2016 passionem
858 1939 990 1996 mortem
1012 1931 1184 2007 destruxit;
1207 1939 1241 1996 et

85 2035 177 2100 solvit
210 2056 355 2113 errorem,
382 2032 670 2118 corruptionemque
701 2032 927 2111 exterminavit,
959 2039 992 2097 et
1032 2031 1242 2118 ignorantiam

86 2137 261 2213 destruxit3
291 2137 387 2202 vitam
408 2144 515 2200 autem
540 2133 759 2212 manifestavit,
786 2141 819 2199 et
845 2135 981 2199 ostendit
1008 2135 1181 2216 veritatem,
1207 2145 1241 2202 et

85 2239 346 2326 incorruptionem
369 2237 506 2303 donavit.
553 2237 682 2301 Illorum
705 2244 811 2301 autem
830 2238 922 2302 AEon
941 2259 1012 2302 cum
1036 2238 1146 2304 luisset
1171 2261 1241 2325 per·

86 2362 206 2427 pessus,
228 2340 435 2427 ignorantiam
470 2337 660 2416 ²substituit,
685 2337 893 2402 substantiam
920 2337 1083 2403 informem
1109 2341 1239 2426 peperit,

86 2465 127 2508 ex
149 2465 211 2529 qua
229 2443 333 2507 omnia
349 2441 522 2506 materialia
540 2461 634 2526 opera
651 2439 772 2526 prolata
790 2448 863 2505 sunt
881 2441 1052 2505 seeundum
1066 2464 1131 2521 eos,
1145 2464 1239 2520 mors,

86 2545 251 2630 corruptio,
267 2566 361 2623 error,
376 2543 472 2608 ethis
486 2543 607 2607 similia.

152 2650 184 2713 3.
230 2646 303 2711 Non
324 2668 398 2732 ergo
419 2645 443 2709 J
445 2645 523 2710 udas
543 2645 744 2711 duodecimus
765 2645 933 2731 discipulus
953 2653 1047 2732 typus
1069 2653 1135 2710 erat
1155 2647 1240 2733 passi

86 2736 225 2823 AEonis3
241 2748 297 2812 sed
311 2769 410 2832 neque
426 2747 552 2811 Domini
568 2748 665 2813 nostri
680 2748 800 2834 passio:
817 2770 873 2833 per
886 2748 991 2812 omnia
1001 2748 1084 2813 enim
1094 2749 1241 2815 dissimile

85 2859 119 2915 et
134 2850 353 2915 inconveniens
366 2849 514 2913 ³invicem
528 2850 587 2914 sibi
603 2859 762 2916 ostensum
777 2859 835 2928 est,
850 2873 914 2915 nou
927 2852 1028 2916 solum
1048 2853 1081 2917 in
1099 2853 1149 2917 his
1170 2876 1239 2939 quae

85 2951 296 3038 praediximus,
311 2951 365 3015 sed
380 2950 549 3015 secundum
564 2951 665 3036 ipsum
673 2973 845 3016 numerum.
879 2952 1025 3017 Proditor
1035 2954 1118 3017 enim
1127 2954 1151 3016 J
1153 2954 1240 3033 udas,

86 3054 170 3140 quod
183 3053 226 3118 sit
241 3052 441 3117 duodecimus
457 3052 540 3137 apud
555 3073 663 3116 omnes
680 3061 830 3116 consonat
844 3053 1007 3118 duodecim
1020 3054 1241 3119 ⁴denominatis

87 3155 250 3241 Apostolis
272 3155 305 3218 in
328 3153 518 3240 Evangeli03
544 3152 596 3218 hic
619 3160 725 3217 autem
751 3155 842 3218 AEon
864 3176 927 3218 non
950 3154 1160 3234 duodecimus,
1185 3158 1241 3221 sed

36 3289 38 3295 ’
86 3258 263 3322 tricesimus
291 3264 360 3320 est:
394 3278 457 3319 non
485 3256 569 3320 eninr
594 3255 755 3320 duodecim
784 3263 907 3320 tantum
930 3257 1055 3321 AEones
1083 3256 1241 3324 voluntate

88 3360 194 3425 Patris
205 3357 315 3445 prolati
326 3364 400 3422 suut
411 3359 581 3422 secundum
589 3358 667 3437 haec,
677 3379 776 3445 neque
785 3351 984 3424 duodecimus
996 3359 1102 3425 ordine
1110 3361 1242 3426 emissus

86 3472 146 3542 ast,
161 3463 195 3525 in
210 3461 366 3526 tricesimo
380 3460 448 3524 loco
462 3469 701 3526 annumerantes
715 3483 786 3527 eum
798 3462 953 3552 emissum.
991 3462 1153 3544 Quomodo
1167 3485 1242 3552 ergo

87 3565 288 3632 duodecimus
305 3562 413 3628 ordine
426 3563 535 3642 Judas,
551 3564 619 3649 ejus
641 3565 694 3650 qui
716 3565 748 3628 in
767 3557 925 3631 tricesimo
947 3567 1054 3632 ordine
1075 3575 1125 3631 est
1139 3568 1241 3648 AEon,

87 3677 274 3756 potestesse
288 3676 381 3754 typus
396 3674 428 3731 et
443 3665 566 3754 imago?
582 3669 616 3733 Si
630 3676 736 3732 autem
747 3668 770 3732 J
772 3669 866 3733 udam
880 3678 1060 3754 pereuntem
1074 3671 1242 3757 imaginem

89 3770 320 3856 Enthymeseos
334 3769 403 3854 ejus
416 3789 485 3833 esse
500 3769 625 3842 dicunt;
641 3791 699 3834 nec
717 3769 763 3833 sic
778 3769 881 3856 imago
895 3770 1003 3834 similis
1017 3771 1075 3834 erit
1089 3773 1157 3856 ejus
1172 3795 1242 3856 quae

88 3872 259 3939 secundum
273 3894 344 3937 eum
359 3879 408 3936 est
421 3871 570 3936 veritatis.
608 3870 810 3956 Enthymesis
824 3871 906 3935 enim
920 3879 1064 3958 separata
1077 3874 1118 3938 ab
1132 3875 1243 3940 AEone

89 3974 158 4061 ipsa
178 3981 287 4060 postea
308 3973 442 4038 formata
455 3995 475 4037 a
490 3971 626 4050 Christo,
641 3973 752 4037 dehinc
774 3973 908 4057 prudens
929 3974 1013 4037 lacta
1028 3995 1049 4038 a
1072 3973 1241 4051 Salvatore,

90 4087 123 4143 et
134 4079 239 4143 omnia
250 4099 319 4162 quae
333 4085 407 4142 sunt
421 4084 511 4141 extra
526 4075 671 4140 Pleroma
685 4082 812 4160 operata
825 4075 994 4139 secuudum
1010 4076 1176 4161 imaginem
1191 4098 1243 4139 eo-

90 4203 159 4244 rum
175 4179 227 4264 qui
241 4188 315 4244 sunt
329 4178 361 4242 iu
377 4179 563 4256 Pleromate,
576 4178 609 4241 in
623 4177 789 4243 novissimo
798 4177 830 4240 in
840 4176 986 4241 Pleroma
996 4186 1122 4262 recepta
1130 4176 1244 4241 dicitur

140 4319 150 4351 ¹
167 4320 229 4379 Aa,
238 4319 328 4378 Voss,
342 4318 410 4365 Eun.
423 4316 511 4364 erdem
517 4334 528 4371 ;
540 4316 640 4365 Cunna.
741 4314 752 4345 ²
768 4314 896 4373 substituit,
912 4316 1040 4374 ὑπέστησε,
1053 4314 1091 4361 for
1107 4315 1241 4375 ἀπέστησε,

91 4416 145 4452 utor
153 4401 214 4460 leret,
223 4399 495 4462 indicatingaccidrrct;
506 4399 548 4446 the
560 4398 643 4446 Greek
692 4413 732 4445 see
744 4414 769 4460 p.
783 4412 821 4460 39,
836 4414 861 4447 n.
875 4410 898 4457 5.

92 4483 175 4532 would
192 4484 223 4532 be
242 4484 318 4530 πάθος
337 4483 467 4530 ἔπαθεν...
479 4481 534 4530 ,καὶ
557 4482 584 4528 οὐ
602 4497 641 4527 πυ·
741 4478 752 4508 ³
770 4479 884 4526 Salanus
895 4478 1024 4540 carelessly
1034 4478 1107 4526 omits
1118 4476 1227 4527 initam.

92 4565 144 4626 χόν,
743 4560 752 4589 ⁴
765 4560 895 4607 δωδέκατος
906 4560 953 4606 τῶν
960 4560 1050 4607 δώδεκα
1059 4559 1240 4618 ὀνομαζομένων.
