2954 4986
549 325 782 380 HOMERICUS.

249 473 305 553 Ἐξ
321 474 455 553 Ἐρέβευς
474 474 587 555 ἄξοντα
607 476 672 535 κιίνα
693 480 836 555 στυγεροῦ
854 478 962 536 Ἀίδαο.

248 568 294 638 Βῆ
313 569 336 627 δ’
354 573 422 646 ίμεν,
443 569 520 628 ιίστε
539 568 609 630 λιίινν
628 574 821 653 ὀρεσίτροφος
840 572 904 630 dixi
925 573 1075 644 πεποιθιίς,

249 665 443 743 Καρπαλίμως
463 664 530 723 ια’νιί
548 666 634 725 ἄστυ·
654 673 731 744 φίλοι
752 668 774 725 δ’
794 667 867 726 'dud
886 669 989 728 πάντες
1008 667 1126 740 ἕποντο,

248 758 366 831 Νύμφαι
387 759 414 816 τ’
433 759 522 830 η’ίθεοί
541 787 585 838 τε,
606 761 788 832 πολύτλητοί
807 788 841 821 τε
862 761 1004 843 γέροντες,

247 853 368 936 'lerp'
388 855 603 938 ὀλοφυρόμενοι,
624 857 688 917 (dccl
709 858 864 918 θάνατόνδε
885 863 992 921 κίοντα.

247 948 377 1028 Ἑρμείας
398 951 419 1008 δ’
439 951 633 1029 *α’πέπιμπεν,
653 952 694 1012 tie*
713 956 870 1037 γλαυκιῖπις
887 951 1002 1024 Ἀθήνη·

241 1043 338 1104 Ἤιδει
359 1045 416 1127 γιίρ
436 1047 515 1106 nord
533 1047 618 1121 θυμόν
637 1047 788 1127 α’δελφεδν,
809 1048 843 1107 oie
863 1047 1005 1111 ἐπονεῖτο.

90 1196 151 1273 Τίς
178 1198 236 1267 οὐκ
255 1195 295 1269 ἃν
318 1204 384 1270 τῶν
401 1201 618 1300 ἆτανοιίργινν
636 1203 863 1301 συναρταγείη
883 1201 948 1273 ὑπὸ
970 1207 1036 1274 τῶν
1060 1203 1147 1273 ε’τῶν
1166 1204 1244 1274 rod·

89 1341 163 1393 τιον,
183 1311 238 1380 καὶ
263 1312 423 1394 νομίσειεν
447 1308 548 1391 οὕτως
575 1312 660 1386 αὐτὰ
684 1314 840 1413 Ὅμηρον
864 1315 919 1385 ἐπί
938 1315 1060 1398 ταύτης
1086 1322 1144 1396 τῆς
1162 1317 1243 1386 ὑπο-

89 1422 208 1498 θέσεως
229 1424 454 1507 menolariam
490 1425 532 1496 'O
555 1423 581 1496 d
608 1423 763 1525 ’ἔμπειρος
782 1434 840 1508 τῆς
858 1426 1036 1525 Ὁμηρικῆς
1056 1427 1241 1504 ὑποθέσεως

88 1533 321 1624 ἐπιγνώσεται,
341 1531 461 1640 [culmi.
475 1535 534 1620 μὲν
545 1535 591 1608 τὰ
606 1539 678 1621 ἔπη,
695 1539 755 1620 τὴν
769 1536 798 1608 d’
808 1539 966 1608 ὑπόθεσιν
985 1538 1041 1608 οὐκ
1060 1539 1242 1629 ἐπιγνώσε-

87 1639 175 1747 roa]
192 1645 281 1723 εἰδὼς
296 1649 349 1719 ὅτι
369 1647 413 1720 τὸ
426 1651 486 1732 μέν
498 1681 533 1720 τι
551 1651 657 1721 αὐτῶν
672 1651 746 1721 ε’στι
768 1649 844 1748 περί
860 1647 1049 1726 Ὀδυσσέως
1068 1651 1240 1747 είρημὲνον,
1288 1653 1295 1661 ’

87 1755 130 1827 τὸ
146 1755 182 1827 δὲ
195 1758 272 1857 περί
285 1761 387 1832 αὐτοῦ
398 1767 461 1834 τοῦ
471 1761 666 1860 Ἡρακλέος,
682 1761 726 1834 τὸ
738 1759 773 1832 δὲ
786 1761 862 1859 περὶ
876 1758 1043 1859 Πριάμου,
1058 1759 1102 1833 τὸ
1115 1759 1150 1831 δὲ
1164 1761 1241 1860 περί

87 1867 266 1941 Μενελάου
275 1872 329 1942 καί
341 1871 605 1963 Ἀγαμέμνονος.
619 1873 732 1972 Ἀρας
743 1871 778 1942 δὲ
790 1870 942 1957 airhlai
953 1872 990 1944 iv
1001 1874 1146 1944 ἕκαστον
1156 1872 1242 1944 dno·

86 1978 159 2058 dole
169 1985 214 2077 τῇ
227 1980 319 2075 διἰίίᾳ,
334 1983 480 2056 ἐκποδὼν
493 1988 624 2068 ποιήσει
640 1986 701 2068 τὴν
711 1987 878 2057 ὑπόθεσιν.
900 1981 1002 2057 Οίίτιο
1017 1982 1116 2056 δὲκαὶ
1132 1979 1241 2057 ὁθτόν

207 2179 377 2239 Ducturum
397 2202 436 2240 ex
456 2183 552 2240 Erebo
572 2203 673 2241 canem
694 2184 752 2240 atri
774 2183 856 2240 Ditis
875 2183 913 2240 ad
933 2203 1026 2241 auras

208 2276 304 2335 Vadit
324 2279 435 2351 atille,
456 2279 539 2337 velut
559 2280 606 2337 leo
626 2281 758 2337 nutritus
778 2279 929 2336 montibus
949 2299 1022 2351 acer,

207 2372 323 2432 Urbem
343 2395 396 2450 per
416 2375 563 2434 mediam:
587 2377 651 2434 noti
671 2376 759 2434 simul
780 2395 880 2433 omnes
900 2376 1031 2447 ebibent,

208 2469 250 2528 Et
269 2491 361 2544 senes,
382 2479 413 2531 et
432 2474 526 2550 pueri,
547 2481 578 2531 et
598 2473 730 2531 nondum
751 2479 852 2550 nuptae
872 2472 986 2549 puellae,

208 2566 363 2626 Plornntes
383 2569 521 2642 multum,
542 2589 576 2627 ec
597 2571 622 2628 si
641 2576 768 2628 mortem
788 2570 846 2628 iret
865 2569 904 2627 ad
923 2571 1024 2646 ipsam

207 2662 375 2722 Mercurius
394 2666 553 2741 praemittit
574 2672 604 2722 et
625 2666 710 2723 coesia
730 2665 829 2723 Pallas
848 2671 987 2722 euntem:

208 2760 343 2819 Fratrem
363 2763 474 2821 etenim
495 2763 605 2820 sciebat
625 2770 772 2839 quatenus
792 2762 875 2822 dolor
895 2763 1065 2839 exagitaret

82 2921 167 2998 Quis
186 2943 251 2986 non
276 2945 317 2988 ex
340 2923 533 3008 simplicibus
556 2922 735 3008 abripiatur
760 2924 801 2987 ab
826 2921 1006 3008 hujusmodi
1029 2919 1179 2993 versibus,
1205 2926 1240 2986 et

82 3028 179 3106 putet
192 3021 237 3086 sic
254 3022 324 3086 illos
342 3021 520 3087 Homerum
536 3023 569 3086 in
587 3023 645 3087 hoo
662 3029 855 3107 argumento
872 3020 1003 3084 iecisset
1049 3018 1114 3093 Qui
1129 3024 1240 3083 autem

83 3121 146 3185 scit
174 3119 357 3199 Homerica,
388 3129 557 3209 cognoscet
584 3121 711 3206 quidem
739 3140 858 3195 versus,
885 3123 1108 3203 argumentum
1131 3123 1239 3181 autem

83 3240 149 3283 non
175 3227 353 3306 cognoscet,
379 3221 480 3286 sciens
510 3221 658 3306 quoniam
687 3218 807 3304 aliquid
833 3217 961 3302 quidem
987 3236 1096 3280 eorum
1122 3223 1173 3279 eet
1198 3215 1239 3279 de

85 3317 203 3403 Ulysse
228 3319 359 3397 dictum,
386 3320 472 3385 aliud
498 3343 573 3385 vero
595 3320 635 3383 de
658 3318 810 3397 Hercule,
828 3316 915 3381 aliud
940 3337 1015 3380 vero
1039 3315 1078 3378 de
1097 3313 1237 3390 Priamo,

84 3416 170 3481 aliud
188 3439 262 3482 vero
280 3420 320 3483 de
336 3419 484 3483 Menelao
501 3430 535 3484 et
549 3421 797 3505 Agamemnone.
840 3416 874 3479 Si
891 3427 999 3480 autem
1012 3412 1142 3479 ltulerit
1159 3413 1238 3494 illos,

84 3524 119 3580 et
135 3537 389 3603 unumquemque
403 3541 461 3583 suo
477 3519 559 3583 libro
574 3516 760 3590 reddiderit,
779 3516 903 3580 auferet
920 3515 960 3578 de
978 3513 1083 3580 medio
1099 3535 1238 3600 praesens

133 3680 144 3712 ¹
162 3681 239 3730 Hom.
253 3682 323 3731 κατιί.
422 3680 434 3713 ¹
450 3682 527 3730 Hom
542 3683 600 3741 ἅμα.
686 3679 857 3742 βαπτίσματος
872 3680 967 3738 εἴληφε,
986 3677 1002 3724 i.
1011 3693 1032 3725 e.
1045 3676 1088 3724 tha
1108 3675 1239 3723 Primitive

133 3760 239 3811 'Hom
253 3763 335 3812 πολλ’.
687 3759 842 3823 Apoetolical
859 3759 924 3807 torm
943 3758 972 3806 of
987 3755 1068 3805 sound
1085 3754 1173 3815 words,
1195 3755 1239 3804 the

132 3842 145 3874 ⁴
161 3842 239 3892 Hom.
252 3845 279 3892 δέ
289 3843 316 3901 μ’
330 3846 444 3906 ἔπεμψεν.
688 3840 774 3899 Creed,
789 3840 831 3888 the
845 3838 979 3903 baptismi
993 3854 1037 3887 uae
1048 3837 1078 3886 of
1091 3837 1171 3885 which
1187 3851 1239 3884 wan

132 3923 217 3985 'illu
252 3925 537 3974 Bnmusundmemds
547 3925 634 3987 βίβλῳ,
687 3922 752 3970 from
763 3923 806 3970 the
816 3921 959 3985 beginning.
981 3918 1143 3968 'l'hevarious
1153 3932 1239 3966 names

83 4005 145 4054 with
153 4007 196 4054 the
202 4008 318 4055 amentes
323 4007 452 4056 Missum·
458 4007 507 4054 und
513 4006 636 4055 sumnum
687 4004 763 4066 given
773 4008 800 4051 to
811 4003 854 4051 the
867 4001 944 4051 Creed
955 4002 981 4048 in
993 4001 1093 4049 melent
1108 4000 1181 4047 times
1197 4014 1240 4047 are

84 4087 180 4135 (lum
192 4089 285 4151 prefers
296 4089 401 4148 τάξειεν
419 4089 441 4137 it
455 4088 541 4137 stands
557 4088 582 4135 in
593 4088 637 4135 the
688 4083 722 4132 ull
743 4083 878 4132 indicative
899 4083 928 4130 of
952 4082 985 4130 its
1007 4081 1068 4144 high
1084 4078 1239 4143 Apostolicnl

83 4169 181 4232 sequel;
198 4169 245 4218 but
259 4171 317 4233 why
329 4171 464 4219 involent
480 4170 509 4218 oi
521 4171 564 4218 the
580 4185 637 4217 oon·
688 4165 824 4227 authority.
853 4159 1239 4223 ThusInnnnueinthisplace

83 4254 146 4309 text,
160 4251 232 4299 when
243 4251 287 4300 the
305 4251 373 4300 nord
392 4253 504 4300 ιἰτίθισιν
522 4255 637 4314 suggesta
688 4246 738 4294 and
760 4246 786 4293 in
808 4261 829 4294 c.
846 4259 883 4308 19,
907 4244 966 4292 cells
989 4244 1017 4303 it,
1036 4242 1090 4290 The
1108 4241 1194 4289 Canon
1213 4240 1242 4289 ol

84 4328 210 4377 ὑποθεσειί
234 4345 256 4378 e.
265 4345 291 4392 g.
304 4329 450 4391 Λιταινμίιιμ
464 4328 522 4377 cocle
537 4343 600 4376 οινιι
615 4334 637 4375 to
688 4327 837 4387 Truth5and
844 4327 930 4385 below,
936 4326 979 4374 the
987 4325 1069 4373 Truth
1077 4321 1198 4386 preeched
1204 4322 1239 4384 by

82 4406 242 4467 ςνιίίίιοιονν,
250 4407 635 4470 ίιιίιιῑτομιίίιμοιθιινισαηίιιρ.
688 4411 731 4458 the
739 4409 846 4467 Church,
859 4409 902 4457 the
910 4407 1051 4468 Preaching
1058 4405 1087 4452 of
1090 4403 1178 4461 Trulh,
1188 4401 1240 4450 &nd

131 4487 143 4519 ⁶
159 4489 248 4538 κανόνα
267 4490 311 4547 τῆς
328 4490 520 4548 ἀληθείας...ον
537 4492 576 4539 διὰ
594 4493 638 4540 τοῦ
688 4493 731 4543 the
742 4491 880 4551 lindition,
895 4506 917 4539 c.
932 4500 972 4548 ιι,
986 4487 1037 4536 and
1050 4485 1181 4534 elsewhere
1196 4484 1239 4533 the
