2954 4986
261 325 310 397 82
696 342 971 395 snnnenrrours

103 519 245 606 bolfflffi
263 502 438 594 κατέλεγε,
478 502 532 570 καὶ
569 501 629 582 την
663 505 726 571 τοῦ
758 498 958 598 Ἀνθρώπου
990 497 1031 569 όν
1063 498 1230 582 μεμηνῦκει
1260 497 1415 600 σύζυγον,

96 612 249 697 Q
264 614 318 685 καὶ
340 615 395 684 οῦκ
416 609 456 683 ἂν
472 612 598 711 ἆφηκεν
617 612 651 681 εἰι
670 610 825 693 μαντείαν
842 615 923 695 ἡμᾶς
939 611 1123 698 λαμβάνειν
1139 610 1286 693 τοῦνομα
1307 613 1414 693 oriris.

265 722 398 824 Φανερᾶ
419 722 473 796 οῦν
490 728 508 805 ἡ
525 727 584 806 τῆς
602 720 784 815 ἐξηγήσεως
801 723 1057 821 ιπαραποιήσις.
1087 722 1162 793 Τοῦ
1180 721 1250 820 γὰρ
1265 723 1414 793 Ἰωόννου

185 896 187 900 ,
263 839 320 908 ἕνα
343 837 430 907 Θεὸν
452 833 724 934 παντοκράτορα,
751 834 805 905 καὶ
833 835 888 905 ἕνα
912 841 1079 924 μονογενῆ
1101 834 1262 932 Χριστόν
1287 835 1414 916 Ἰησοῦν

263 950 494 1048 κηρύσσοντος,
524 946 562 1016 δι’
593 946 630 1017 οῦ
657 944 702 1018 τὰ
732 945 844 1016 τόντα
870 947 1040 1038 γεγονέναι
1067 947 1169 1037 λέγει,
1195 952 1321 1018 τοῦτον
1347 950 1471 1016 virinus

265 1057 306 1168 [l.
328 1054 470 1163 Λόγον]
492 1059 585 1142 θεοῦ,
603 1064 727 1129 τοῦτον
752 1058 938 1149 Μονογενῆ,
958 1063 1082 1129 τοῦτον
1107 1056 1240 1129 πάντων
1265 1059 1411 1142 ποιητὴν,

263 1177 387 1245 τοῦτον
417 1176 487 1270 φῶς
523 1171 677 1252 ἆληθινόν
708 1168 903 1270 φωτίζοντα
933 1171 1044 1240 πόντα
1074 1167 1255 1267 ἄνθρωπον,
1291 1173 1412 1241 τοῦτον

262 1285 390 1367 κόσμου
427 1283 573 1366 ποιητὴν,
613 1287 735 1353 τοῦτον
776 1285 818 1357 εἷς
851 1279 896 1352 τὰ
938 1280 1005 1351 tha
1046 1282 1245 1365 ἐληλυθότα,
1288 1288 1411 1353 τοῦτον

262 1394 364 1467 αῦτόν
399 1393 508 1493 σόρκα
551 1395 731 1484 γεγονότα,
775 1393 828 1463 καὶ
866 1393 1072 1474 ε’σκηνωκότα
1115 1394 1148 1462 ἐν
1187 1397 1274 1476 ἡμῖν·
1319 1396 1409 1466 οῦτοι

262 1507 537 1605 παρατρέποντες
565 1502 651 1576 κατὰ
681 1503 725 1577 τό
764 1503 902 1575 πιθανόν
929 1505 989 1586 την
1017 1502 1182 1598 ἐξήγησιν,
1216 1504 1325 1575 ἄλλον
1355 1504 1411 1588 μὲν

261 1618 323 1691 τὸν
349 1618 527 1709 Μονογενῆ
552 1618 705 1688 θέλουσιν
727 1615 806 1686 εἶναι
831 1614 918 1688 κατὰ
940 1616 1000 1698 την
1023 1616 1209 1715 προβολὴν,
1235 1616 1272 1687 ὃν
1296 1615 1334 1699 δὴ
1359 1618 1410 1687 καὶ

260 1730 387 1829 ’ἀρχὴν
412 1735 580 1813 καλοῦσιν,
611 1727 719 1799 ἄλλον
744 1726 779 1798 δὲ
806 1726 869 1800 τόν
892 1728 1035 1826 Σωτῆρα
1062 1729 1235 1820 γεγονέναι
1266 1730 1409 1812 θέλουσι,

259 1842 314 1913 καὶ
337 1841 444 1913 ἄλλον
465 1839 527 1913 τόν
546 1839 668 1932 Λόγον
687 1838 773 1911 3υἱὸν
794 1846 857 1910 τοῦ
883 1840 1104 1930 Μονογενοῦς,
1133 1839 1188 1910 καὶ
1218 1839 1328 1911 ἄλλον
1352 1839 1411 1912 τὸν

259 1953 419 2052 Χριστὸν
449 1955 492 2030 εἷς
522 1953 748 2050 ἐπανόρθωσιν
772 1956 835 2022 τοῦ
863 1952 1087 2050 πληρώματος
1118 1953 1466 2050 προβεβλημένονοιι

258 2066 312 2136 καὶ
343 2063 380 2135 ἓν
410 2066 554 2135 ἕκαστον
586 2068 652 2134 τῶν
681 2064 851 2161 εἰρημένων
882 2061 1020 2161 ἄραντες
1052 2060 1121 2133 ἀπὸ
1156 2071 1214 2145 τῆς
1246 2064 1409 2148 ἀληθείας,

258 2173 550 2274 καταχρησόμενοι
570 2185 642 2252 τοῖς
666 2175 834 2258 ὀνόμασιν,
861 2176 904 2251 εἰς
928 2174 988 2257 τὴν
1015 2172 1100 2245 ἰδίαν
1127 2175 1286 2246 ὑπόθεσιν
1312 2181 1410 2258 μετή-

257 2353 315 2413 aut
339 2346 367 2412 si
388 2345 581 2432 reliquorum
606 2344 842 2432 conjugationes
867 2346 1084 2423 enumerabat,
1103 2354 1137 2412 et
1163 2339 1338 2432 Anthropi,
1366 2347 1410 2429 (id

257 2454 316 2522 est,
347 2445 507 2530 Hominis)
534 2445 644 2531 utique
669 2444 902 2510 manifestasset
932 2445 1110 2530 conjugem,
1141 2453 1176 2510 et
1204 2445 1318 2530 utique
1347 2468 1409 2511 non

256 2544 428 2610 remisisset
446 2545 487 2608 de
506 2543 700 2609 divinatione
716 2565 774 2608 nos
787 2543 930 2628 aooipere
944 2564 1059 2608 nomen
1075 2542 1181 2628 ipsius.
1235 2543 1410 2610 Manifesta

256 2641 356 2730 igitur
389 2641 595 2729 expositionis
628 2664 737 2706 eorum
771 2639 958 2707 transfiotio.
1021 2641 1171 2707 Johanne
1201 2643 1287 2707 enim
1312 2666 1409 2708 unum

258 2741 364 2806 Deum
396 2747 575 2827 exponente
610 2740 647 2828 [l.
676 2740 963 2829 Omnipotentem],
998 2747 1033 2806 et
1063 2763 1162 2805 unum
1196 2740 1409 2829 Unigenitum

257 2839 420 2905 Christum
437 2840 461 2904 J
463 2861 551 2904 esum
570 2838 792 2916 annunciante,
810 2861 979 2926 perquem
1001 2839 1106 2905 omnia
1123 2840 1210 2906 faeta
1225 2863 1294 2906 esse
1319 2841 1407 2916 dioit,

255 2939 340 3004 huno
353 2937 499 3004 Verbum
510 2937 581 3016 Dei,
592 2940 675 3004 huno
686 2937 893 3025 unigenitum,
905 2939 989 3003 huno
999 2937 1153 3004 faetorem
1166 2939 1408 3019 omnium‚hune

254 3038 362 3105 lumen
378 3061 488 3104 verum
510 3037 690 3104 illuminans
712 3059 838 3102 omnem
855 3037 1023 3113 hominem,
1041 3038 1125 3102 huno
1142 3039 1253 3103 mundi
1275 3039 1407 3105 fabrica-

254 3145 368 3218 torem,
394 3139 479 3203 huno
504 3137 536 3202 in
561 3160 619 3204 sua
641 3136 772 3215 venisse,
799 3136 883 3201 huno
908 3137 1042 3200 eundem
1066 3159 1194 3202 earnem
1215 3137 1349 3213 fastum,
1376 3147 1407 3203 et

254 3234 449 3303 inhabitasse
478 3238 511 3301 in
536 3237 646 3303 nobis:
675 3236 709 3300 hi
732 3242 983 3300 transvertentes
1009 3236 1182 3300 seeundum
1207 3236 1406 3302 verisimilem

256 3330 454 3422 [verisimile]
481 3336 719 3419 expositionem,
743 3334 879 3399 alterum
904 3333 1032 3419 quidem
1059 3334 1275 3422 Monogenem
1297 3335 1406 3401 volunt

254 3452 323 3497 esse
339 3434 510 3498 seeundum
527 3433 734 3510 emissionem,
752 3455 845 3517 quem
860 3433 978 3497 scilieet
1001 3443 1034 3499 et
1059 3433 1256 3520 Principium
1270 3443 1402 3500 vooant:

253 3530 392 3596 alterum
416 3538 525 3595 autem
543 3531 699 3605 Soterem,
719 3531 767 3610 (id
788 3539 847 3608 est,
865 3531 1078 3616 Salvatorem)
1104 3532 1200 3598 fuisse
1223 3534 1349 3614 volunt,
1373 3540 1404 3598 et

254 3628 391 3694 alterum
419 3629 542 3716 Logon,
571 3630 618 3712 (id
645 3635 703 3704 est,
731 3628 891 3714 Verbum)
918 3630 1016 3694 filium
1049 3631 1249 3718 Menogenis,
1276 3633 1402 3714 (idest,

255 3725 436 3814 Unigeniti)
459 3736 494 3794 et
520 3729 656 3794 alterum
677 3727 841 3793 Christum
864 3729 906 3794 ad
931 3730 1184 3794 emendationem
1211 3729 1403 3797 Pleromatis

253 3825 420 3891 emissum:
449 3835 484 3893 et
500 3828 746 3912 unumquodque
767 3850 877 3892 eorum
898 3850 969 3913 quse
988 3829 1166 3894 dictasunt
1183 3828 1367 3896 auferentes
1386 3852 1404 3895 a

252 3925 399 4005 veritate,
430 3935 464 3992 et
492 3929 661 3992 abutentes
693 3926 880 4006 nominibus,
911 3927 944 3990 in
977 3949 1066 3992 suam
1094 3930 1403 4014 argumentationem

301 4101 312 4132 ¹
323 4103 491 4163 παραποιησις,
501 4103 544 4151 the
550 4103 700 4166 preposition
709 4103 802 4166 having
900 4102 911 4135 ³
928 4104 1081 4168 Monogenes
1094 4121 1146 4154 was
1157 4106 1237 4155 called
1248 4108 1292 4156 ths
1312 4107 1364 4157 Son
1380 4107 1405 4155 of

252 4181 285 4231 its
296 4182 406 4247 psouJiar
416 4183 490 4242 foros,
504 4197 612 4245 eonveys
623 4183 665 4230 the
677 4183 763 4230 notion
775 4183 804 4231 of
852 4185 958 4249 Bythos,
979 4186 1026 4235 but
1042 4202 1080 4235 we
1094 4187 1127 4235 do
1143 4192 1190 4236 not
1204 4188 1258 4237 find
1276 4188 1403 4238 elsewhere

251 4263 401 4327 perversion,
413 4279 435 4312 e.
443 4278 469 4326 g.
481 4261 540 4310 vain
549 4261 641 4323 μαίων.
680 4262 801 4326 Compare
850 4266 907 4314 that
927 4266 971 4314 the
999 4266 1078 4315 Word
1100 4283 1151 4316 was
1169 4267 1278 4330 ¹derived
1299 4270 1334 4333 by
1351 4269 1402 4317 Vs·

251 4343 295 4394 the
305 4343 353 4392 last
364 4343 443 4392 words
454 4343 551 4403 ostro,
564 4359 589 4406 p.
603 4343 642 4407 89.
850 4357 981 4394 nnnnlrrus
1007 4347 1070 4396 from
1098 4348 1255 4413 Monogenes
1284 4351 1319 4416 by
1345 4350 1401 4398 filis·

294 4423 529 4489 ¹Bythuurrasths
541 4426 667 4486 προαρχη,
680 4424 748 4483 Νοῦς,
758 4425 800 4474 ths
849 4427 916 4484 tion;
935 4427 955 4475 it
974 4429 995 4475 is
1017 4429 1123 4493 perhaps
1144 4430 1190 4478 the
1211 4433 1328 4482 anthor's
1349 4446 1401 4480 own

251 4505 687 4571 reflexofothus,wasoalledd,o1t.
702 4505 767 4565 8ωὲ
778 4521 797 4554 r.
850 4507 977 4556 inferenes.
