2954 4986
246 306 314 371 332
661 322 739 377 NON
763 320 862 375 TYPO
887 321 977 375 FUIT

104 500 210 589 ridicu&
248 493 475 574 consequenter
502 485 617 552 dicitur
645 487 685 564 ei,
707 487 761 574 qui
785 487 853 573 jam
880 509 924 549 ιι
952 507 1053 552 annos
1078 486 1230 565 excessit,
1257 487 1387 574 quinqm-

95 578 219 682 ffisgfffi
247 587 402 675 gesimum
430 596 536 655 antem
560 611 677 655 annum
701 590 838 655 nondum
864 589 980 677 attigit,
1006 610 1071 654 non
1097 599 1207 655 tamen
1230 589 1389 655 multuma

82 688 232 779 Q
247 692 504 780 quinquagesimo
532 715 615 758 anno
636 694 771 762 absistit.
816 694 857 758 Ei
882 703 988 759 autem
1010 693 1064 780 qui
1085 693 1130 759 sit
1153 717 1222 758 xxx
1244 715 1387 769 annorum,

247 794 402 860 diceretur
423 796 548 883 utique:
574 797 788 884 Quadraginta
809 818 960 861 annorum
982 796 1122 861 nondum
1145 818 1190 861 es.
1240 795 1299 879 Qui
1318 795 1387 860 enirn

246 898 392 962 volebant
411 920 483 963 oum
503 899 683 965 mendacem
699 901 873 978 ostendere,
895 920 958 964 non
972 899 1081 985 utique
1095 898 1129 962 in
1145 899 1281 963 multum
1296 905 1388 963 exten

245 1001 355 1065 dereut
368 1023 468 1066 annos
482 1003 564 1067 ultra
577 1011 715 1082 aetatem,
734 1024 827 1090 quam
849 1024 918 1067 eam
938 1003 1054 1066 babere
1068 1001 1322 1088 conspiciebant:
1343 1000 1389 1064 sed

244 1103 387 1188 proxime
418 1105 524 1169 aetatis
556 1106 711 1185 dicebant,
742 1106 807 1170 sive
833 1127 904 1170 vere
932 1105 1069 1170 scientes
1102 1127 1144 1170 ex
1174 1104 1389 1190 conscriptione

244 1227 367 1284 census,
382 1207 448 1271 sive
463 1208 665 1293 conjicientes
679 1209 850 1275 secundum
864 1216 1001 1287 aetstem,
1017 1230 1112 1295 quam
1127 1208 1280 1273 videbant
1291 1208 1390 1271 babere

244 1330 316 1372 enm
337 1331 431 1394 super
452 1311 678 1398 quadraginta;
703 1313 758 1376 sed
772 1319 884 1376 utnon
899 1332 968 1399 quae
980 1317 1064 1375 esset
1085 1310 1221 1396 triginta
1242 1331 1390 1374 annornm.

245 1411 462 1476 irrationabile
483 1422 533 1477 est
550 1415 634 1478 enim
649 1415 774 1479 omnino
789 1414 900 1501 viginti
920 1435 1020 1478 annos
1041 1413 1168 1478 mentiri
1184 1435 1252 1493 eos,
1268 1413 1392 1478 volentes

242 1536 315 1578 eum
333 1515 490 1600 juniorem
512 1519 675 1582 ostendere
697 1519 887 1602 temporibus
902 1518 1051 1583 Abrahae.
1090 1518 1185 1599 Quod
1198 1528 1308 1582 autem
1320 1517 1391 1583 vide

242 1617 330 1695 baut,
342 1619 402 1684 hoc
417 1628 450 1684 et
460 1618 682 1709 loquebantur:
700 1622 753 1706 qui
768 1629 874 1686 autem
888 1621 1059 1698 videbatur,
1072 1643 1135 1685 non
1151 1629 1222 1685 erat
1234 1614 1391 1707 putativus,

242 1721 298 1784 sed
314 1722 438 1788 veritas.
486 1722 559 1786 Non
580 1746 655 1810 ergo
677 1724 811 1788 multum
832 1725 973 1788 aberata
989 1725 1218 1810 quinquaginta
1235 1726 1345 1789 aunis:
1366 1733 1393 1788 et

243 1823 313 1888 ideo
332 1825 478 1890 dicebant
499 1826 538 1904 ei,
564 1826 797 1913 Qrtiuquopicto
818 1848 968 1890 oonomm
989 1827 1125 1891 nondum
1140 1849 1181 1905 es,
1197 1838 1227 1892 ct
1241 1828 1394 1892 Atratum

242 1926 378 1992 vidisti?
424 1928 497 1993 Non
518 1950 594 2014 ergo
615 1950 698 1993 anno
720 1951 783 1993 uuo
804 1929 993 2016 praedicavit,
1016 1951 1074 1994 nec
1092 1931 1283 1996 duodecimo
1297 1953 1394 1996 mense

242 2036 317 2098 anni
336 2058 447 2120 passus
468 2044 529 2102 est.
569 2037 707 2122 Tempus
724 2038 807 2102 enim
829 2059 849 2100 a
870 2037 1030 2124 trigesimo
1044 2059 1128 2102 anno
1142 2060 1245 2124 usqne
1260 2040 1301 2103 ad
1316 2038 1395 2125 quin·

243 2139 459 2224 quagesimum
473 2161 631 2226 uunquam
642 2140 702 2204 erit
716 2161 797 2204 unus
810 2161 920 2216 annus,
936 2139 1036 2204 nisisi
1051 2140 1135 2225 apud
1151 2142 1281 2206 AEones
1296 2163 1394 2205 eorum

242 2248 309 2304 tam
331 2241 438 2328 magni
457 2241 531 2305 anni
553 2249 627 2305 sunt
649 2241 790 2327 deputati
812 2241 871 2319 bis,
894 2240 946 2328 qui
966 2241 1049 2326 spud
1072 2241 1214 2326 Bythum
1236 2243 1270 2305 in
1296 2243 1394 2306 Piero

242 2350 328 2406 mate
345 2365 386 2406 er
400 2342 508 2407 ordine
528 2342 676 2421 resident,
696 2343 736 2406 de
758 2343 870 2428 quibus
893 2351 925 2406 et
951 2342 1111 2408 Homerus
1132 2344 1237 2408 Poeta
1259 2344 1348 2421 dixit,
1366 2352 1395 2408 et

242 2444 310 2532 ipse
325 2445 493 2531 inspiratus
507 2466 527 2509 a
544 2445 651 2509 Matre
665 2467 772 2510 eornm
792 2445 922 2510 erroris:
947 2458 980 2509 ot
1000 2456 1028 2509 a*
1051 2456 1106 2510 orat
1121 2454 1174 2526 πὰρ
1190 2458 1251 2525 Ζηνὶ
1266 2456 1395 2527 καθήμενοι

241 2557 391 2629 ἠγορόωντο
406 2557 516 2631 Χρυσίῳ
531 2557 560 2612 ἐν
574 2558 688 2632 δαπέδῳ.
719 2548 826 2633 (Quod
844 2548 956 2613 Latine
970 2548 1016 2613 iia
1028 2547 1325 2635 interpretabimur:
1344 2551 1396 2615 Dit

241 2660 343 2716 cutem
357 2651 447 2738 apud
458 2652 566 2716 Joocm
581 2652 763 2717 considentes
777 2651 952 2718 tractabant
965 2652 1001 2718 in
1016 2674 1111 2718 aureo
1125 2652 1217 2735 loco.)

665 2872 766 2937 GAP.
791 2871 970 2937 XXXIV.

280 2991 467 3087 Quomodo
493 2990 694 3067 destruitur
721 2993 786 3092 qui
806 3007 855 3068 est
878 2992 924 3068 de
949 2994 1111 3070 numeris
1137 2995 1307 3095 circorum
1332 3014 1362 3074 ct

637 3112 843 3187 centonibus
867 3139 993 3188 sermo.

311 3257 339 3320 l.
385 3253 453 3318 San
476 3260 509 3318 et
528 3252 567 3317 de
584 3251 636 3316 illa
657 3250 795 3328 muliere,
813 3272 883 3336 quae
898 3249 1046 3337 profluvio
1063 3253 1228 3338 sanguinis
1242 3255 1393 3335 laborans,

241 3357 348 3442 tetigit
374 3355 528 3419 fimbriam
555 3354 731 3419 vestimenti
759 3354 898 3432 Domini,
924 3362 957 3418 et
982 3364 1094 3420 sanata
1120 3365 1180 3436 est,
1210 3368 1322 3444 aperta
1350 3370 1395 3425 est

241 3481 349 3524 eorum
370 3457 565 3544 ignorantia:
592 3457 715 3541 (dicunt
739 3457 822 3520 enim
845 3479 900 3542 per
925 3479 994 3521 eam
1018 3459 1142 3523 ostendi
1163 3483 1292 3546 passam
1314 3465 1394 3528 illam

240 3561 455 3628 duodecimam
469 3561 627 3638 virtutem,
645 3568 677 3624 et
700 3560 733 3623 in
754 3560 909 3624 infinitum
924 3560 1091 3640 defluxam,
1113 3563 1145 3627 id
1168 3574 1229 3642 est,
1252 3567 1393 3632 duodeci-

240 3689 327 3732 mum
351 3664 507 3748 AEonem)
534 3663 668 3750 primum
693 3664 827 3748 quidem,
853 3663 927 3749 quia
951 3666 1121 3729 secundum
1144 3675 1267 3732 sectam
1291 3692 1394 3734 eornm

241 3769 441 3834 duodecimus
455 3789 518 3831 non
538 3774 587 3831 est
604 3766 664 3830 iste
679 3767 781 3842 AEon,
800 3765 883 3830 sicut
903 3767 1106 3833 ostendimus.
1153 3769 1204 3834 Ut
1227 3781 1335 3838 autem
1357 3796 1393 3839 ex
1405 3799 1445 3839 ur-

239 3871 395 3957 snperfluo
410 3870 455 3935 eis
469 3878 502 3935 et
517 3871 576 3934 boc
591 3870 691 3946 detur,
707 3868 870 3933 duodecim
882 3870 1044 3935 AEonibus
1054 3871 1290 3953 exsistentibus,
1301 3878 1394 3942 unde

239 3976 301 4041 cim
316 3973 440 4060 quidem
457 3972 663 4057 impassibiles
675 3993 887 4058 perseverasse
902 3973 1056 4050 dicuntur,
1072 3974 1277 4042 duodecimus
1291 3988 1395 4045 autem

238 4099 367 4165 passus:
392 4075 502 4139 mulier
515 4085 621 4140 autem
636 4098 653 4140 e
669 4075 823 4140 contrario
845 4075 1027 4141 duodecimo
1049 4100 1131 4143 anno
1153 4091 1276 4160 sanata,
1296 4085 1394 4148 mani-

238 4183 353 4246 festum
371 4187 420 4243 est
442 4177 589 4265 quoniam
604 4179 749 4242 undecim
771 4177 896 4264 quidem
915 4179 1006 4243 annis
1020 4180 1130 4245 babuit
1144 4195 1394 4267 perseverantem

237 4285 424 4368 passionem,
455 4282 637 4346 duodecimo
667 4290 772 4345 autem
802 4289 914 4344 sanata
945 4289 1003 4345 est.
1060 4283 1220 4370 Siquidem
1250 4289 1394 4354 undecim

237 4386 363 4449 AEones
385 4386 418 4448 in
440 4385 583 4471 passione
605 4384 768 4448 insanabili
791 4385 886 4448 fuisse
914 4385 1100 4464 dicerentur,
1131 4397 1263 4456 sanatus
1289 4401 1393 4457 autem

236 4487 446 4567 duodecimus,
463 4488 637 4553 suasorium
658 4496 726 4552 erat
748 4487 850 4553 dicere
873 4496 980 4574 typum
1003 4511 1110 4555 eorum
1132 4513 1202 4557 esse
1220 4496 1390 4562 mulierem.
