2954 4986
260 344 325 412 170
741 356 972 410 rnsmuoum

97 532 183 618 ffll
180 534 245 618 sall
259 515 414 604 ἄβυσσον
456 517 665 618 ὀνομάζοντα
704 550 757 588 και
798 519 929 601 σκότος,
975 519 1008 587 ἕν
1047 518 1171 615 σφίσιν
1213 518 1326 593 αυτοῖς
1361 517 1412 585 καὶ

118 626 221 710 ,Ἣ
258 630 351 729 υδωρ,
377 629 495 702 καὶτὸ
522 631 762 728 ἐπιφερόμενον
790 639 839 700 τιὸ
867 629 999 701 ὕδατιῙ
1006 636 1142 712 πνεῦμα.
1180 629 1317 700 Med*
1299 662 1336 710 ην
1356 636 1412 709 τῆς

99 741 391 818 *δεκάδος
422 745 663 825 μνημονεύοντα
698 748 769 840 φῶς
804 744 925 833 λέγειν,
960 742 1014 812 καὶ
1051 743 1181 840 ἡμέραν,
1216 773 1271 811 κοι
1308 743 1412 822 νόκτα,

258 852 431 952 στερέωμά
449 887 496 937 τε,
514 855 568 924 καῖ
589 856 741 952 ἑσπέραν,
765 855 818 924 καὶ
839 854 857 926 ὃ
874 861 1026 924 καλεῖται
1051 854 1146 952 πρωῒ,
1172 852 1278 952 ξηράν
1299 884 1339 923 τε
1360 854 1474 923 noluo

260 969 448 1050 θάλασσαν,
476 968 525 1036 ἔτι
561 997 602 1036 τε
625 968 783 1052 βοτάνην,
815 966 868 1036 καὶ
900 965 1026 1056 δεκάτῳ
1053 968 1150 1055 τόπῳ
1180 964 1294 1059 ξύλον·
1329 964 1412 1036 οὕτω

259 1077 294 1148 δὲ
326 1077 378 1148 διὰ
410 1084 476 1148 τῶν
508 1077 582 1149 δέκα
616 1077 786 1161 ὀνομάτων
814 1078 890 1154 τοὺς
921 1077 996 1147 δέκα
1028 1078 1157 1153 Αἱῶνας
1194 1079 1410 1161 μεμηνυκέναι.

259 1191 328 1272 Τῆς
347 1189 381 1260 δέ
400 1189 589 1266 δυοδεκάδος
610 1187 711 1267 οὕτως
729 1188 944 1284 ἕξεικονῖσθαι
966 1190 1064 1288 “παρ’
1083 1190 1176 1277 αὐτῷ
1189 1191 1252 1271 την
1272 1188 1410 1273 δύναμιν·

259 1302 352 1384 ἥλιον
375 1300 443 1400 γὰρ
470 1303 582 1393 λέγειν
607 1302 661 1372 καὶ
693 1307 838 1386 σελήνην,
866 1303 1012 1401 ἀστέρας
1037 1334 1077 1373 τε
1107 1302 1161 1372 καὶ
1189 1303 1330 1399 καιροὺς,
1354 1303 1413 1371 ε’νι-

258 1416 374 1490 αυτούς
399 1446 438 1485 τε
462 1415 516 1484 καὶ
541 1419 630 1498 κῆτη,
661 1416 776 1510 ι’χθόας
805 1415 858 1484 καὶ
887 1412 1021 1513 ἑρπετά,
1049 1409 1185 1485 πετεινά
1215 1415 1270 1483 καὶ
1292 1411 1413 1512 τετρό-

259 1525 357 1610 ποδα,
393 1528 489 1626 θηρία
530 1558 578 1610 τε,
620 1527 673 1597 καὶ
711 1523 865 1598 3πετεινά
905 1558 971 1597 που
1009 1537 1081 1602 τοῖς
1119 1524 1320 1597 δυοδέκατον
1353 1525 1412 1598 τδν

258 1637 442 1737 ἄνθρωπον.
483 1635 600 1715 Οὕτως
627 1637 692 1710 ὑπό
716 1646 779 1710 τοῦ
799 1641 981 1723 πνεύματος
1010 1639 1070 1720 την
1092 1636 1277 1737 τριάκοντα
1298 1634 1411 1744 [τρια-

258 1746 424 1855 κοντάδα]
450 1748 503 1820 διὰ
524 1751 690 1828 Μωϋσέως
713 1754 863 1850 εἰρῆσθαι
888 1748 1107 1821 διδάσκουσιν.
1138 1748 1255 1821 Ἀλλά
1273 1752 1337 1834 μὴν
1354 1751 1407 1820 καὶ

258 1862 320 1935 τόν
346 1862 505 1934 πλαστδν
534 1863 708 1961 ἄνθρωπον
735 1865 807 1934 κατ’
838 1865 945 1934 εἰκόνα
968 1871 1027 1946 τῆς
1052 1861 1117 1933 άνω
1140 1859 1303 1945 δυνάμεως
1325 1865 1411 1958 ἔχειν

259 1977 291 2046 ἐν
310 1979 401 2065 αὑτῷ
414 1977 473 2057 την
492 1974 561 2046 άπδ
580 1984 638 2057 τῆς
651 1979 727 2058 μιᾶς
740 1980 848 2066 πηγήν
868 1971 909 2080 [l.
922 1983 1028 2066 πηγῆς
1045 1969 1207 2078 drinaum}
1239 1973 1409 2073 Ἱδρῦσθαι

260 2085 421 2159 δὲταῦτα
449 2082 612 2192 [ταύτην]
636 2089 668 2157 έν
692 2096 743 2177 τῷ
758 2085 845 2158 κατὰ
869 2087 931 2158 τὸν
950 2089 1142 2186 ἐγκέφαλον
1159 2089 1269 2177 τόπῳ·
1297 2087 1359 2186 εἶφ’
1378 2087 1411 2168 ἧς

259 2199 418 2298 ἆποῤῥεῖν
440 2197 605 2283 4δυνάμεις
631 2201 812 2298 τέσσαρας,
840 2201 913 2271 κοτ’
940 2201 1046 2270 εἰκόνα
1072 2207 1130 2281 τῆς
1154 2198 1219 2269 ἅνω
1241 2197 1409 2298 τετράδος,

257 2381 405 2465 abyssum
420 2378 636 2444 nominantem
652 2385 686 2444 et
701 2380 859 2455 tenebrae,
873 2378 905 2442 in
918 2379 1031 2465 quibua
1042 2384 1117 2445 sunt
1134 2385 1168 2444 et
1185 2400 1289 2464 aquae,
1308 2385 1342 2443 et
1359 2378 1411 2463 qui

258 2479 421 2543 ferebatur
437 2502 532 2564 super
548 2501 647 2564 aquas
667 2479 814 2564 Spiritus.
868 2479 948 2544 Post
966 2501 1060 2565 quam
1078 2477 1206 2543 decadis
1223 2500 1411 2542 oommemo-

258 2587 394 2654 nantem,
420 2578 526 2642 lumen
552 2579 666 2653 dicere,
684 2586 718 2642 et
736 2577 830 2654 diem,
852 2586 886 2643 et
906 2587 1042 2654 noctem,
1061 2585 1095 2642 et
1112 2578 1361 2652 firmamentum,
1379 2584 1411 2641 et

257 2698 430 2760 vesperam,
458 2684 492 2741 et
518 2678 603 2761 quod
627 2691 760 2742 vocatur
784 2699 887 2752 mane,
915 2684 949 2741 et
972 2676 1105 2749 aridam,
1128 2684 1163 2741 et
1182 2698 1283 2751 mare,
1309 2676 1411 2741 adhue

258 2775 356 2839 etiam
373 2783 407 2840 et
424 2776 565 2852 herbam,
584 2783 618 2841 et
634 2777 756 2840 decimo
773 2778 842 2841 loco
858 2777 997 2863 lignum:
1025 2777 1069 2840 sie
1084 2797 1210 2862 quoque
1227 2776 1412 2861 perdecem

258 2875 396 2950 nomina,
415 2899 437 2939 x
456 2877 579 2940 AEonae
596 2876 821 2942 manifestasse.
870 2875 1072 2940 Duodeeadis
1097 2884 1207 2940 autem
1230 2876 1277 2939 sio
1298 2876 1412 2940 forma·

258 2981 326 3039 tam
355 2977 440 3062 apud
470 2997 524 3040 eoa
553 2976 725 3041 virtutem:
753 2976 859 3041 Solem
888 2975 972 3040 enim
1006 2975 1120 3051 dicere,
1151 2982 1185 3039 et
1215 2974 1353 3054 Lunam,
1379 2981 1412 3038 et

258 3075 377 3150 stellae,
397 3083 432 3141 et
454 3083 609 3162 tempora,
634 3083 668 3140 et
693 3097 801 3150 anuos,
827 3083 861 3140 et
883 3082 979 3153 cetos,
1004 3075 1108 3138 adhue
1134 3072 1233 3138 etiam
1250 3074 1363 3160 pisces,
1380 3078 1412 3137 et

259 3176 428 3260 serpentia,
455 3182 489 3240 et
514 3175 664 3249 volatilia,
689 3183 722 3239 et
745 3173 971 3260 quadrupedia,
998 3173 1082 3238 feras
1104 3195 1241 3259 quoque,
1265 3180 1302 3238 et
1319 3193 1413 3259 super

258 3272 327 3338 hero
344 3275 450 3338 omnia
463 3275 683 3338 duodecimum
696 3274 865 3338 hominem.
904 3273 957 3337 Sio
974 3273 1016 3337 ab
1035 3272 1158 3358 Spiritu
1175 3272 1412 3337 triacontadem

259 3394 316 3456 per
337 3374 468 3456 Moysen
495 3372 614 3436 dietam
641 3374 766 3438 docent.
820 3373 887 3438 Neo
912 3394 976 3436 non
1002 3380 1035 3437 et
1060 3373 1236 3436 somatum
1253 3372 1412 3436 homiuem

258 3471 430 3534 seeundum
447 3471 617 3555 imaginem
633 3472 803 3556 superioris
820 3472 959 3548 virtutis,
984 3473 1103 3536 habere
1125 3470 1160 3535 iu
1180 3493 1216 3535 se
1239 3493 1322 3547 eam,
1342 3492 1412 3557 quae

258 3568 301 3633 sit
317 3571 358 3634 ab
375 3592 439 3634 uno
456 3570 553 3645 fonte,
571 3569 733 3635 virtutem.
776 3572 994 3638 constitutam
1011 3578 1119 3637 autem
1137 3591 1210 3635 eam
1227 3593 1298 3635 esee
1315 3570 1348 3634 in
1365 3591 1412 3643 eo,

302 3737 431 3798 ῑκυεῦμο.
465 3740 518 3789 The
531 3740 809 3806 spiritiuthisoyetom
902 3741 1036 3791 ⁸Bmu1ne
1049 3756 1168 3806 proposse
1183 3745 1211 3789 to
1227 3740 1412 3790 νεοδεπιεᾶει

258 3821 370 3883 occupies
387 3821 429 3869 the
445 3821 512 3869 third
529 3823 598 3885 plaoe
614 3823 640 3870 in
657 3823 700 3871 the
720 3824 810 3872 eeoond
856 3825 957 3884 τοῦτου,
980 3823 1031 3872 and
1052 3823 1096 3871 the
1117 3822 1242 3886 necessity
1263 3822 1287 3871 is
1310 3820 1413 3871 eall-evi

257 3899 347 3958 tetram,
362 3900 411 3947 and
427 3902 558 3949 woterthe
573 3902 628 3951 last.
663 3902 722 3950 This
737 3904 811 3965 again
856 3906 925 3954 dent.
961 3905 1015 3953 'l'he
1036 3904 1121 3954 verbal
1142 3903 1278 3967 similar-ity
1300 3907 1413 3967 uuggm

257 3995 308 4029 was
326 3981 434 4030 asserted
456 3982 491 4045 by
514 3982 607 4043 Sileon,
626 3984 708 4032 whose
730 3984 810 4033 words
857 3988 967 4035 ἐπέκεινα
981 3987 1079 4034 τουτῶν.
1102 3984 1156 4032 The
1172 4000 1218 4048 eya
1233 3984 1318 4033 ottho
1333 3984 1413 4031 writer

256 4077 298 4109 are
309 4062 374 4110 cited
385 4063 418 4125 by
430 4061 607 4122 HIProurrue,
622 4065 711 4125 ἐβδομὴ
723 4067 765 4114 δὲ.
781 4103 787 4115 .
802 4102 809 4115 .
856 4084 907 4116 wne
919 4067 1037 4115 oonfuaed
1048 4067 1082 4130 by
1093 4067 1136 4115 the
1146 4066 1284 4129 preoeding
1295 4064 1400 4113 πετεινά

257 4144 353 4201 δύναμις
376 4144 518 4204 ὑπάρχουσα
536 4146 561 4192 ἐν
575 4144 606 4204 τῇ
630 4146 756 4206 άπεράντῳ
772 4148 809 4194 δυ·
906 4147 1043 4206 4δυνάμεις
1061 4148 1190 4207 τέσσαρας.
1226 4146 1296 4195 That
1310 4145 1413 4195 herolia

256 4225 332 4285 vdua,
343 4226 394 4285 ἥτις
404 4226 492 4285 ’γέγονε
500 4224 546 4286 πρὸ
555 4226 651 4273 πάντων
658 4227 705 4273 τῶν
713 4228 809 4288 αἰώνων,
856 4244 884 4278 so
901 4229 1004 4292 terribly
1015 4227 1122 4276 afflicted
1138 4228 1251 4276 withan
1269 4229 1415 4276 ἀτολίθωσις

257 4306 320 4365 αὕτη
331 4307 384 4354 ἐστι
396 4307 411 4365 ὴ
422 4307 513 4368 ε’βδομὴ
525 4306 626 4365 δύναμιν,
641 4309 695 4368 περὶ
704 4305 731 4366 ἥς
742 4309 811 4369 λέγει
856 4312 901 4359 τοῦ
921 4311 1031 4370 νοητικοῦ
1052 4308 1141 4357 should
1164 4309 1249 4358 muoel
1267 4325 1316 4358 ono
1331 4308 1362 4357 of
1373 4307 1415 4356 th·

256 4386 370 4448 Μωυσῆς,
400 4389 450 4436 Καὶ
472 4389 565 4446 πνεῦμα
592 4390 654 4436 θεοῦ
679 4391 811 4452 ἐπεφέρετο
856 4393 980 4441 senessia
1002 4398 1047 4440 not
1064 4391 1209 4455 surprieing.
1247 4391 1303 4441 'I'ha
1317 4390 1414 4440 Marm-

257 4468 339 4516 ἐπάνω
349 4472 393 4518 τοῦ
404 4470 496 4519 ὕδατος.
531 4468 624 4518 Philon
638 4482 675 4519 vr.
690 4485 728 4531 14.
857 4473 911 4521 sian
928 4473 988 4537 only
998 4473 1114 4522 followed
1127 4473 1172 4520 the
1183 4472 1240 4520 lead
1251 4473 1281 4521 οἰ
1294 4473 1338 4522 the
1348 4486 1416 4521 more

305 4547 390 4615 ’παρ’
402 4549 474 4612 αὐτῷ,
495 4567 529 4600 ae.
547 4553 654 4602 Μωυσεῖ.
858 4555 957 4604 ancient
979 4553 1079 4618 Ophiu,
1099 4553 1156 4602 who
1174 4552 1256 4603 called
1279 4552 1352 4602 Edon
1373 4551 1417 4601 rte
