2954 4986
403 343 642 396 Punaosrarrs
668 343 933 397 rurnrcnurus.
1170 327 1236 392 305

83 493 233 580 ipsorum.
278 493 313 560 Si
326 493 410 558 enim
422 493 610 581 Demiurgus
624 516 721 559 nona
740 494 908 580 semetipso
922 492 1138 582 figurationem
1153 514 1238 559 crea-
1254 516 1309 556 ma.
1316 516 1349 599 1ιι.
1359 525 1395 557 ιι

81 604 163 661 turae
187 595 348 661 fabricavit
366 595 470 674 talem,
496 596 552 661 sed
575 597 745 661 secundum
771 596 892 661 illorum
915 619 984 682 quae
1008 618 1131 661 sursum
1148 603 1238 661 erant
1252 591 1390 694 Gfflgxplt-

81 700 237 786 liguram3
262 698 385 786 Bythus
399 699 544 784 ipsorum,
568 698 620 784 qui
642 699 749 784 utique
771 699 948 785 hujusmodi
962 698 1156 786 figurationis
1169 721 1238 784 per·
1290 702 1361 741 ”lh

81 803 158 868 fecit
172 825 241 869 esse
256 803 411 881 Pleroma,
427 803 474 867 vel
488 825 508 868 a
523 826 583 888 quo
598 803 730 890 figuram
745 825 852 868 eorum
866 826 936 889 quae
951 814 1025 867 aute
1040 803 1141 887 ipsum
1155 801 1240 867 iacta

82 914 169 984 sunt,
192 906 335 992 accepit!
379 907 512 992 Oportet
531 905 614 971 euim
628 907 676 971 vel
693 905 725 969 in
740 929 777 971 eo
794 907 864 972 Deo
884 906 936 992 qui
959 905 1067 971 fecerit
1089 905 1240 969 mundum

83 1031 281 1095 perseverare
307 1009 505 1086 sententiam,
530 1009 676 1094 quoniam
706 1031 764 1075 sua
789 1018 946 1095 potestate
972 1018 1005 1075 et
1026 1031 1047 1074 a
1072 1008 1239 1095 semetipso

83 1112 207 1198 accepit
223 1112 400 1198 exemplum
417 1111 524 1176 mundi
539 1111 766 1177 fabricationis:
791 1112 838 1177 vel
860 1112 886 1176 si
909 1121 1014 1176 motus
1036 1113 1105 1197 quis
1124 1113 1240 1178 abhoc

83 1214 188 1293 inerit,
204 1236 325 1301 semper
340 1214 496 1300 quaerendi
511 1215 681 1280 necessitas
695 1215 765 1294 erit,
777 1215 859 1280 unde
874 1215 902 1280 ei
918 1215 970 1300 qui
984 1237 1078 1301 super
1092 1237 1164 1279 eum
1178 1224 1238 1294 est,

84 1318 231 1405 figuratio
245 1341 352 1384 eorum
367 1341 437 1404 quae
452 1319 535 1387 iacta
556 1326 640 1398 sunt,
661 1319 730 1404 quis
749 1328 782 1384 et
808 1341 955 1387 numerus
976 1317 1186 1396 emissionum,
1206 1327 1240 1385 et

85 1419 262 1485 substantia
276 1420 372 1506 ipsius
387 1420 543 1505 exempli?

152 1527 183 1589 2.
229 1524 262 1588 Si
291 1534 396 1589 autem
425 1524 511 1589 licuit
543 1524 644 1610 Bytho
669 1525 876 1612 asemetipso
903 1525 997 1590 talem
1023 1526 1240 1614 figurationem

87 1626 276 1692 Pleromatis
286 1628 447 1712 perficere;
465 1627 539 1712 quid
553 1627 660 1712 utique
676 1627 848 1715 Demiurgo
862 1651 925 1693 non
939 1628 1026 1693 licuit
1040 1651 1060 1693 a
1074 1629 1241 1714 semetipso

86 1731 238 1795 mundum
258 1731 353 1796 talem
367 1730 497 1796 fecisset
542 1731 679 1795 Rursum
700 1731 795 1819 igitur
809 1731 836 1796 si
851 1731 972 1796 illorum
986 1731 1089 1819 imago
1104 1732 1241 1797 conditio

86 1841 147 1910 est,
169 1833 244 1918 quid
266 1833 409 1920 prohibet
432 1833 485 1897 illa
508 1854 616 1897 eorum
638 1856 708 1919 quae
732 1855 824 1920 super
849 1856 887 1899 ea
909 1842 983 1898 suut
1003 1833 1153 1920 imagines
1172 1855 1242 1899 esse

86 1935 201 2014 dicere,
222 1944 255 2000 et
274 1957 344 2021 quae
364 1957 458 2022 super
481 1957 519 2001 ea
545 1943 629 2013 sunt,
651 1959 758 2000 rursus
779 1936 925 2013 aliorum;
960 1946 993 2002 et
1016 1937 1048 2001 in
1074 1938 1242 2003 immensas

88 2037 240 2125 imagines
261 2038 431 2126 imaginum
452 2037 615 2104 excideret
660 2038 749 2105 Sicut
764 2040 892 2125 ¹passus
913 2049 963 2106 est
985 2040 1148 2119 Basilides,
1170 2063 1243 2106 cum

88 2140 215 2206 minime
229 2141 386 2229 attigisset
397 2140 569 2219 veritatem,
585 2148 617 2205 et
629 2150 743 2228 putans
754 2165 809 2228 per
823 2142 1005 2208 immensam
1016 2145 1242 2210 successionem

38 2266 65 2306 a
89 2265 206 2322 eorum,
236 2267 306 2330 quae
335 2267 375 2310 ex
406 2244 538 2310 invicem
566 2245 651 2310 sacta
678 2255 763 2325 sunt,
790 2246 927 2335 effugere
957 2246 1054 2312 talem
1082 2246 1241 2334 aporiam3

89 2347 214 2433 quando
245 2371 373 2412 ccccxv
403 2348 499 2414 coelos
534 2370 590 2434 per
618 2349 846 2415 successionem
875 2359 909 2415 et
937 2350 1170 2416 similitudinem
1201 2352 1243 2416 ab

89 2451 221 2517 invicem
239 2444 340 2516 lactus
363 2451 546 2530 enuntiavit,
570 2460 603 2517 et
622 2452 732 2517 horum
755 2453 964 2519 ostensionem
989 2476 1058 2519 esse
1081 2476 1243 2519 numerum

88 2555 162 2620 anni
177 2556 306 2634 dicrum,
322 2555 581 2640 quemadmodum
595 2557 814 2642 praediximus:
838 2565 871 2621 et
884 2557 996 2644 ²super
1015 2557 1073 2623 hos
1087 2558 1243 2637 virtutem,

89 2681 184 2745 quam
198 2667 231 2724 et
246 2657 497 2724 innominabilem
511 2668 632 2738 vocant,
649 2667 681 2726 et
696 2660 788 2747 hujus
803 2661 1056 2748 dispositionem:
1079 2670 1112 2728 et
1126 2685 1184 2728 nec
1198 2663 1244 2729 sic

90 2763 214 2849 quidem
237 2762 345 2848 effugit
367 2761 461 2825 talem
483 2761 632 2848 aporiam.
677 2763 892 2852 Interrogatus
911 2765 994 2830 enim
1013 2766 1095 2831 unde
1114 2765 1194 2836 coelo
1215 2764 1245 2831 ei

90 2864 142 2949 qui
157 2871 207 2928 est
221 2885 314 2949 super
328 2884 445 2941 omnes,
461 2885 502 2928 ex
521 2886 582 2948 quo
597 2863 730 2950 reliquos
744 2888 799 2953 per
812 2866 1040 2932 successionem
1054 2868 1154 2933 factos
1168 2867 1243 2944 vult,

89 2968 285 3056 figurationis
300 2969 425 3057 imago?
467 2970 522 3036 Ab
536 2992 574 3035 ea
589 2970 800 3057 dispositione,
816 2973 909 3050 dicet,
925 2996 995 3058 quae
1010 2982 1058 3038 est
1072 2973 1243 3037 secundum

89 3070 353 3138 innominabilem.
385 3071 430 3136 Et
445 3079 500 3136 aut
515 3071 766 3137 innominabilem
788 3095 808 3137 a
829 3074 997 3160 semetipso
1014 3073 1124 3138 fecisse
1143 3073 1244 3138 ³dicet

89 3197 178 3250 eam,
196 3175 244 3240 vel
258 3175 390 3241 alteram
405 3176 560 3263 quandam
574 3198 668 3262 super
680 3176 764 3242 huuc
778 3185 966 3262 potestatem
984 3198 1052 3241 esse
1070 3174 1244 3242 consentire

89 3299 217 3343 neeesse
231 3277 369 3357 habebit,
384 3299 425 3343 ex
443 3299 505 3365 qua
520 3279 642 3365 accepit
655 3278 886 3344 innominabilis
903 3280 972 3366 ejus
994 3286 1114 3344 tautam
1136 3299 1244 3343 eorum

90 3403 160 3468 quae
182 3389 255 3446 sunt
274 3381 445 3446 secundum
462 3403 534 3446 eum
555 3381 782 3469 figurationem.
827 3382 952 3464 Quanto
975 3381 1070 3469 igitur
1091 3381 1190 3445 tutius
1210 3390 1244 3448 et

90 3486 279 3573 diligentius,
295 3485 378 3571 quod
392 3493 441 3551 est
455 3507 561 3551 verum
576 3485 684 3550 statim
703 3485 791 3551 initio
810 3485 960 3564 confiteri,
984 3485 1130 3573 quonism
1151 3485 1244 3550 fabri·

91 3597 179 3653 cator
207 3588 296 3653 Deus
320 3588 382 3665 hic,
408 3587 461 3674 qui
485 3589 635 3653 mundum
665 3588 779 3654 ‘talem
799 3589 884 3669 fecit,
908 3588 993 3653 solus
1017 3596 1066 3653 est
1090 3588 1188 3667 Deus,
1210 3596 1244 3653 et

90 3714 154 3758 non
180 3700 230 3756 est
254 3692 334 3756 alius
357 3691 445 3757 Deus
469 3700 584 3778 praeter
611 3714 705 3768 eum;
739 3693 806 3779 ipse
828 3714 849 3757 a
876 3691 1044 3777 semetipso
1067 3691 1243 3776 exemplum

90 3803 123 3861 et
155 3796 373 3882 figurationem
401 3817 509 3861 eorum
532 3817 602 3880 quse
625 3796 709 3860 facta
735 3803 818 3874 suut,
848 3794 1022 3880 accipiens:
1055 3815 1148 3880 quam
1170 3802 1243 3881 post

89 3906 212 3964 tantam
231 3898 492 3986 irreligiositatem
513 3905 546 3962 et
571 3898 736 3964 circuitum
758 3898 905 3976 defessos,
928 3897 998 3984 cogi
1020 3896 1185 3982 aliquando
1210 3898 1244 3962 in

137 4063 148 4096 ¹
167 4063 236 4122 Quod
252 4060 329 4113 ornei
344 4061 437 4122 dicant,
455 4063 514 4124 ὅπερ
530 4060 642 4110 {tradend
738 4059 749 4092 ⁸
765 4059 834 4110 Dicit
845 4060 870 4108 in
887 4058 1024 4109 Sultssmt’s
1037 4060 1074 4109 ed.
1090 4061 1111 4109 is
1126 4076 1158 4110 an
1177 4074 1244 4108 error

90 4147 240 4205 Βασιλείδης,
256 4143 345 4193 Latino
361 4144 432 4192 modo
447 4142 576 4192 dimum
586 4142 642 4204 sue·
690 4144 719 4193 ot'
733 4145 774 4192 tha
785 4160 860 4208 presa.

89 4235 143 4278 rot:
160 4227 233 4287 Quod
241 4226 344 4275 Basilidi
355 4225 452 4274 accidit.
472 4225 545 4273 Brun.
739 4225 750 4258 ⁴
764 4227 851 4288 Talem,
862 4227 941 4274 which
953 4226 974 4274 is
985 4225 1044 4274 read
1054 4226 1080 4272 iu
1092 4225 1134 4272 the
1141 4222 1242 4273 cultant.

138 4308 245 4373 ἐυμεν
259 4309 280 4357 is
296 4308 400 4356 omitted
417 4308 443 4354 in
459 4307 502 4355 tho
512 4307 564 4355 Aa.
583 4305 641 4354 MS.
691 4309 741 4356 and
750 4308 986 4358 Aunuu.MSS.nnd
994 4306 1091 4371 printed
1099 4305 1240 4368 byGuaaa,

90 4395 137 4442 but
152 4394 174 4441 is
189 4391 248 4440 resd
265 4391 291 4439 in
311 4390 354 4438 tho
372 4389 472 4438 Cunus.
491 4387 540 4435 and
559 4387 641 4436 Voss.
691 4391 712 4438 is
730 4391 830 4454 silently
844 4388 955 4453 dropped
971 4389 1004 4452 by
1020 4387 1156 4435 Massam.
1190 4385 1244 4435 The

90 4475 168 4526 MSS.
205 4475 258 4523 The
285 4472 356 4521 other
382 4471 488 4521 editions
514 4469 578 4518 hsve
605 4469 644 4518 to·
692 4472 826 4520 translator
837 4487 915 4519 seems
932 4475 959 4518 to
975 4467 1182 4519 havereadroior
1193 4467 1245 4530 (τὸν

44 4598 50 4610 .
91 4573 154 4607 runt.
693 4551 788 4610 κόσμον,
802 4548 856 4609 fic.)
869 4547 965 4597 instead
976 4546 1005 4594 ol
1018 4547 1072 4605 oica,
1085 4544 1154 4594 uolua.
