2954 4986
244 336 285 396 12
696 345 941 398 salaconuns.

91 542 193 628 pyypyy.
200 541 220 623 l1
244 512 346 578 τοῦτο
377 505 438 577 τὸν
470 506 611 604 Σωτῆρα
645 506 803 596 λέγουσιν
837 503 928 604 (olidi
959 502 1027 602 γὰρ
1065 503 1190 600 Κύριον
1225 499 1394 601 ὀνομάζειν

80 614 344 689 ΜλθεῘῙῘὶύῑαύτύιν
375 620 528 714 θέλουσι)
569 615 752 716 τριάκοντα
790 619 879 688 ἔτεσι
917 614 1002 687 κατὰ
1039 614 1082 687 τὸ
1117 614 1262 713 φανερὸν
1298 612 1395 696 μηδὲν

244 733 463 815 πεποιηκέναι,
490 729 709 800 ἐπιδεικνύντα
736 728 779 801 τὸ
804 734 988 827 μυστηριον
1012 728 1139 800 τούτων
1161 732 1226 798 τῶν
1252 727 1393 796 Αἶώνωυ.

242 841 360 915 Ἀλλὰ
385 843 439 913 καὶ
469 844 522 913 ἐπὶ
551 850 609 925 της
633 843 832 940 παραβολῆς
858 847 923 914 τῶν
946 843 988 917 εἷς
1016 839 1078 912 τὸν
1107 841 1285 922 ἆμπελῶνα
1315 870 1395 921 πεμ-

244 956 392 1038 πομὲνιον
416 956 567 1054 ἐργατῶν
591 955 679 1053 φασὶ
703 955 926 1052 φανερώτατα
951 953 1027 1029 τούς
1052 950 1234 1050 τριάκοντα
1258 954 1396 1026 τούτους

243 1067 373 1144 Αἰῶνας
409 1069 621 1150 μεμηνύσθαι·
671 1067 860 1148 πέμπονται
902 1063 970 1164 γὰρ
1003 1068 1036 1134 οἱ
1067 1063 1126 1147 μὲν
1155 1065 1232 1163 περὶ
1263 1066 1396 1161 πριύτην

244 1177 339 1278 ιύραυ,
359 1183 392 1249 oi
411 1177 446 1248 dd
466 1180 542 1277 περὶ
565 1179 690 1276 τρίτην,
719 1181 753 1248 οἱ
774 1176 808 1247 δὲ
830 1178 906 1276 περὶ
933 1179 1037 1260 ἕκτην,
1059 1180 1092 1247 οἱ
1114 1176 1149 1247 dd
1172 1177 1248 1274 περὶ
1272 1174 1395 1258 ἐνάτην,

245 1290 345 1362 ἄλλοι
404 1289 419 1360 ἔ
445 1289 521 1390 περὶ
549 1287 729 1371 ἑνδεκάτην·
773 1291 996 1372 συντιθὲμευαι
1026 1287 1079 1359 ούυ
1105 1294 1141 1360 αἱ
1168 1290 1395 1387 προειρημέναι

245 1403 325 1502 alpoz
356 1405 398 1479 εἷς
429 1400 555 1486 ἑαυτάς,
586 1401 647 1473 τὸν
679 1407 745 1473 τῶν
773 1400 954 1500 τριάκοντα
983 1399 1124 1499 ἀριθμὸν
1158 1402 1396 1498 ἆναπληροιῖσι·

244 1516 304 1598 nia
331 1512 410 1614 γάρ,
436 1516 488 1585 καὶ
518 1525 615 1612 τρεῖς,
644 1515 698 1584 καὶ
726 1511 775 1608 ἓξ,
803 1515 855 1585 κού
882 1515 978 1596 ἐννέα,
1004 1514 1057 1583 καὶ
1077 1512 1195 1598 ἕνδεκα,
1215 1511 1398 1612 τριάκοντα

249 1628 410 1720 γίνονται·
458 1624 511 1697 ded
535 1625 569 1697 δὲ
594 1631 660 1697 τῶν
682 1630 771 1725 ιὀρῶν
788 1626 864 1704 τούς
880 1626 1010 1703 Αἶῶνας
1029 1628 1229 1710 μεμηνύσθαι
1252 1627 1397 1696 θέλουσι.

245 1739 315 1811 Kal
343 1739 438 1812 ταῦτ’
475 1738 552 1809 εἶναι
586 1737 630 1811 τά
664 1736 799 1830 μεγάλα
831 1739 884 1810 καὶ
918 1736 1096 1821 θαυμαστὰ
1130 1739 1184 1809 καὶ
1220 1739 1398 1835 ἆτόῤῥητα

246 1929 383 1993 decada:
409 1936 442 1993 et
464 1936 596 2013 propter
611 1928 670 1991 hoc
688 1928 886 1992 Salvatorem
902 1927 1012 1992 dicunt
1036 1923 1108 2007 (nec
1124 1924 1208 1990 enim
1226 1925 1399 1990 Dominum

247 2050 318 2092 eum
336 2027 498 2092 nominare
515 2027 639 2116 volunt)
657 2027 793 2113 triginta
811 2027 916 2091 ¹annis
939 2027 970 2090 in
988 2027 1155 2090 manifesto
1176 2025 1254 2089 nihil
1279 2024 1398 2099 fecisse,

246 2127 468 2191 ostendentem
493 2127 678 2213 mysterium
704 2127 816 2190 horum
844 2128 995 2190 AEonum.
1047 2126 1167 2190 Sedet
1193 2125 1226 2187 in
1249 2125 1400 2210 parabola

247 2248 356 2291 eorum
381 2226 608 2310 operariorum,
630 2226 684 2312 qui
710 2227 742 2289 in
759 2225 883 2290 vineam
908 2226 1092 2304 mittuntur,
1119 2225 1230 2288 dicunt
1254 2223 1399 2287 manifes-

247 2326 367 2391 tissime
394 2326 526 2412 triginta
553 2327 611 2390 hos
637 2326 758 2389 AEonas
785 2326 970 2389 declaratos.
1023 2325 1203 2388 Mittuntur
1231 2324 1316 2387 enim
1347 2323 1399 2386 alii

247 2426 375 2510 quidem
393 2425 477 2489 circa
493 2425 627 2510 primam
645 2426 765 2497 horam,
778 2425 831 2489 alii
846 2425 930 2488 circa
947 2425 1086 2498 tertiam,
1100 2424 1153 2488 alii
1164 2424 1248 2488 circa
1263 2431 1398 2498 sextam,

248 2524 300 2588 alii
322 2525 406 2588 circa
423 2547 548 2600 nonam,
565 2525 618 2589 alii
636 2525 720 2588 circa
736 2525 945 2588 undecimam.
995 2523 1186 2609 Composita
1204 2523 1303 2608 igitur
1321 2544 1398 2607 prae-

248 2622 342 2688 dieta
365 2624 452 2687 horae
476 2624 507 2686 in
533 2624 728 2708 semetipsas,
746 2623 882 2710 triginta
906 2645 1072 2687 numerum
1095 2622 1279 2707 adimplent.
1324 2621 1399 2686 Una

247 2723 343 2798 enim,
362 2731 396 2786 et
415 2732 489 2796 tres,
510 2731 543 2787 et
559 2747 625 2796 sex,
643 2732 678 2787 et
694 2745 816 2796 novem,
836 2732 870 2787 et
886 2723 1043 2797 undecim,
1061 2722 1197 2808 triginta
1213 2722 1304 2786 fiunt.
1339 2723 1400 2784 Per

247 2821 342 2884 horas
359 2829 465 2885 autem
488 2823 609 2886 AEonas
625 2822 821 2886 manifestari
838 2823 969 2886 volunt:
994 2831 1027 2886 et
1053 2823 1120 2886 haec
1144 2845 1212 2886 esse
1233 2843 1349 2908 magna
1367 2828 1399 2884 et

247 2920 446 2984 admirabilia
473 2931 506 2985 et
533 2921 720 2986 abscondita
744 2923 904 3006 mysteria,
934 2945 1004 3006 quae
1032 2923 1090 3008 ipsi
1117 2921 1332 2986 fructificant:
1367 2927 1400 2983 et

247 3089 380 3153 according
396 3095 423 3138 to
440 3091 483 3139 the
505 3096 610 3140 western
632 3096 740 3155 system;
758 3093 800 3140 the
849 3094 905 3141 that
922 3093 1027 3157 Bythos,
1049 3094 1130 3140 whom
1148 3093 1191 3140 she
1213 3091 1334 3150 imitated,
1352 3106 1400 3137 was

247 3170 353 3218 oriental
374 3171 471 3219 scheme
493 3172 598 3219 referred
616 3172 659 3220 the
678 3173 754 3221 decad
773 3179 800 3221 to
850 3172 892 3220 the
904 3172 954 3219 sole
965 3187 1050 3219 source
1066 3171 1131 3218 from
1147 3171 1247 3218 whence
1262 3169 1335 3218 Nous
1352 3168 1401 3216 and

248 3249 321 3298 Nous
332 3250 382 3298 and
399 3252 509 3310 Alethia,
522 3253 572 3300 aud
590 3253 633 3300 the
648 3253 758 3302 dodecad
774 3260 801 3302 to
851 3252 953 3300 Alethia
963 3250 1101 3298 emanated.
1123 3250 1176 3298 The
1186 3254 1251 3298 term
1262 3249 1323 3308 adso,
1338 3249 1401 3310 ἀρρε-

248 3331 332 3393 Logos
354 3332 404 3378 aud
426 3332 483 3382 Zoe.
529 3333 678 3381 Valentinus
704 3336 804 3383 himself
851 3333 1398 3396 chopher,soconstautlyappliedtoBythus,

248 3427 326 3460 seems
344 3418 371 3460 to
389 3413 453 3460 have
470 3414 610 3462 considered
630 3415 727 3478 Bythus
745 3433 773 3465 as
786 3434 802 3465 a
851 3417 970 3464 indicates
979 3417 1021 3464 the
1032 3431 1098 3463 same
1109 3415 1203 3463 notiori.
1234 3414 1368 3472 Insanus,
1382 3414 1402 3460 it

248 3493 346 3551 monad,
357 3493 406 3540 and
416 3493 473 3556 Sige
485 3511 500 3542 a
511 3510 577 3541 mere
588 3497 729 3559 nonentity.
748 3497 801 3545 The
851 3498 940 3546 should
951 3498 981 3546 be
992 3497 1164 3555 remembered,
1177 3497 1198 3543 is
1211 3497 1349 3558 exhibiting
1360 3495 1401 3542 the

248 3577 299 3620 two
316 3572 379 3620 later
397 3573 485 3632 AEons,
506 3574 589 3622 Christ
606 3575 655 3622 and
673 3577 715 3623 the
733 3577 802 3641 Holy
852 3579 914 3627 later
931 3585 1024 3643 system
1042 3579 1070 3627 ol
1083 3580 1125 3627 the
1140 3579 1301 3626 Valentinian
1321 3577 1401 3625 Ptole-

250 3652 335 3716 Spirit,
344 3653 425 3701 would
436 3655 496 3702 then
508 3656 629 3719 complete
637 3658 680 3705 the
689 3659 803 3721 mystical
853 3676 937 3709 maeus.
973 3661 1142 3708 Hrrl‘onrrus
1153 3661 1293 3723 describing
1304 3660 1346 3707 the
1357 3659 1402 3706 ori·

249 3736 354 3783 number
364 3747 428 3784 xxx.
454 3736 607 3801 Hippolytus
618 3755 683 3802 says,
696 3741 803 3800 ηίνονται
853 3742 921 3805 ginal
952 3744 1048 3791 scheme
1076 3743 1104 3790 of
1132 3742 1309 3790 Vannurrnus
1336 3755 1400 3803 says,

249 3814 378 3874 τριάκοντα
394 3816 475 3864 αἰῶνες
492 3818 555 3873 μετὰ
574 3819 617 3864 τοῦ
640 3820 746 3880 Χριστοῦ
763 3823 803 3867 καὶ
854 3824 959 3882 ἠθέλησε
983 3824 1134 3882 μιμήσασθαι
1161 3825 1203 3871 τὸν
1226 3825 1334 3884 Πατέρα,
1365 3823 1404 3870 καὶ

249 3896 293 3942 τοῦ
311 3896 397 3954 'hylen
420 3896 565 3956 Πνεύματος,
591 3898 683 3949 Philet.
706 3912 742 3948 VI.
760 3916 799 3962 31⁴
854 3904 966 3963 ἐγέννησε
985 3903 1037 3950 καθ’
1054 3904 1141 3961 ἑαυτὴν
1156 3904 1213 3963 δίχα
1231 3905 1274 3950 τοῦ
1291 3905 1401 3963 συζύγου,

250 3975 303 4024 But
317 3976 348 4023 he
365 3978 481 4039 proceeds
500 3983 527 4026 to
542 3995 587 4043 say
597 3981 654 4029 that
672 3983 755 4030 others
767 3983 802 4030 in·
854 3984 891 4032 tva
902 3987 975 4043 μηδὲν
986 3985 1077 4046 ᾔέργον
1085 3985 1255 4047 ὑποδεέστερον
1261 3988 1305 4034 τοῦ
1312 3988 1405 4047 Herpha

249 4053 396 4116 corporated
408 4054 506 4116 Bythus
517 4057 567 4104 and
579 4058 644 4120 Sige,
653 4059 669 4106 i.
677 4076 698 4106 e.
707 4060 750 4107 the
759 4060 802 4107 fol·
854 4068 1005 4128 εἰργασμένη,
1020 4069 1141 4128 ἀγνοοῦσα
1152 4069 1189 4116 ὅτι
1201 4069 1267 4127 ὁμὲν
1279 4070 1406 4128 ἀγέννητον

249 4135 620 4187 lowersofValentinuedidso.
643 4140 707 4189 Τινὲς
716 4142 741 4188 δὲ
750 4158 801 4189 σνν-
855 4148 968 4208 ὑπάρχων
988 4151 1051 4210 ἀρχὴ
1073 4150 1121 4196 τῶν
1143 4151 1204 4196 ὅλων
1223 4151 1263 4197 καὶ
1284 4151 1344 4212 ριζα,
1367 4152 1406 4197 καὶ

252 4217 368 4277 υτάρχειν
377 4219 413 4276 τῷ
429 4219 508 4280 ssarpl
520 4221 551 4268 εἰς
562 4222 609 4280 γῆν
620 4219 649 4283 (l.
664 4223 708 4279 τὴν
719 4222 802 4285 σιγὴν)
853 4227 934 4287 βάθος,
956 4229 995 4275 καὶ
1009 4230 1088 4288 βυθὸς,
1107 4230 1211 4278 δυνατῶς
1226 4230 1277 4289 ἔχει
1292 4230 1406 4290 γεννῆσαι

252 4298 292 4344 καὶ
303 4298 346 4345 σύν
357 4299 436 4347 adroic
448 4302 644 4361 καταριθμεῖσθαι
653 4303 707 4350 τούς
718 4304 803 4352 αἰῶνας
853 4308 929 4364 nevos.
965 4308 1104 4371 Pht'loaoph.
1118 4322 1154 4357 vl.
1169 4323 1208 4371 30.

252 4379 368 4427 θέλουσιν.
386 4379 439 4426 The
450 4381 521 4443 myth
532 4382 588 4429 that
598 4381 690 4446 Sophia
700 4383 803 4432 evolved
902 4387 1010 4448 mana,
1026 4407 1052 4438 as
1064 4392 1179 4454 agreeing
1190 4392 1280 4455 closely
1291 4393 1352 4440 with
1362 4394 1405 4441 the

252 4457 412 4524 Enthymesis
428 4461 622 4527 independently
633 4464 661 4512 of
678 4465 722 4512 her
737 4467 803 4524 σύζυ
854 4466 935 4516 Greek
942 4470 1405 4535 text,is1n0relilselytobetlreoriginal

250 4557 301 4603 yos,
326 4559 410 4607 agrees
429 4544 484 4593 well
504 4545 564 4594 with
583 4547 627 4596 the
648 4548 802 4611 supposition
853 4550 921 4598 word
932 4552 992 4600 than
1004 4552 1123 4603 Αααοιοὶ
1131 4555 1174 4603 the
1189 4554 1286 4604 Aruud.
1300 4555 1358 4605 MS.
