2954 4986
238 329 281 398 72
642 346 671 399 s,
689 345 989 410 εοιιιυτυιιιιιυη

77 521 218 606 {Jfflffi
238 504 471 604 ε’γκεκρυφέναι
504 506 641 596 λέγεται
674 510 716 583 εἰς
746 508 884 606 ἀλεύρου
911 503 1001 577 σιίτα
1027 506 1116 604 τρία,
1140 503 1185 575 τὰ
1210 505 1291 602 τρία
1314 505 1390 594 γένη

75 610 225 697 “malim
239 614 358 697 δηλοῦν
394 618 544 709 λέγουσι·
591 630 725 709 γυναῖκα
762 617 821 702 μέν
859 617 928 717 γὰρ
963 618 1023 702 την
1059 618 1195 716 Σοφίαν
1228 618 1389 707 λέγεσθαι

79 726 459 801 “dulciorem-av·
508 730 648 830 ἆλεύρου
680 728 772 803 σᾶτα
804 726 868 836 [τὰ
898 725 1008 834 τρία],
1037 728 1082 800 τὰ
1109 731 1188 828 τρία
1220 731 1298 820 γένη
1329 733 1459 800 τῶνιιο.

238 841 427 940 ἀνθρώπων,
448 841 674 926 πνευματικὸν,
692 841 850 939 ψυχικὸν,
869 844 995 938 χοϊκόν·
1040 841 1139 942 ζύμην
1159 840 1193 911 δὲ
1210 840 1313 912 αῦτὸν
1332 839 1392 912 τὸν

240 953 383 1051 Σωτῆρα
404 957 552 1053 εἰρῆσθαι
569 952 771 1026 διδάσκουσι.
802 955 872 1025 Kal
884 954 945 1025 τὸν
958 954 1100 1024 Παῦλον
1117 951 1291 1051 διαῤῥῆδην
1310 955 1392 1052 εἰρη-

238 1067 325 1135 κέναι
364 1067 502 1162 χοῖκοὺς,
539 1067 711 1163 φυχικοῦς,
747 1068 988 1150 πνενματικούς·
1025 1067 1110 1137 ὅταν
1147 1064 1215 1149 μέν,
1251 1062 1336 1141 Olor
1374 1068 1391 1135 ὁ

241 1176 362 1273 xviris,
382 1184 532 1249 τοιοῦτοι
548 1181 601 1248 καί
623 1183 655 1249 oi
677 1180 797 1274 χοϊκοί·
835 1181 919 1249 ὅπου
937 1177 980 1262 δέ,
1003 1176 1149 1274 Ψνχικός
1168 1175 1202 1247 δὲ
1220 1176 1392 1275 ἅνθρωπος
1404 1213 1456 1252 css

241 1292 279 1360 οῦ
298 1289 430 1385 δέχεται
450 1289 493 1360 τὰ
514 1297 577 1361 τοῦ
591 1292 803 1375 πνεύματοςῐ·
831 1292 915 1362 ὅπου
935 1289 978 1374 δὲ,
993 1291 1219 1374 Πνευμοτικός
1232 1290 1391 1389 ἀνακρίνει

241 1399 362 1471 πάντα.
410 1402 464 1472 Tri
488 1400 530 1487 δέ,
556 1404 703 1498 luxaris
729 1404 765 1474 οῦ
792 1401 925 1500 δέχεται
957 1401 1002 1474 τὰ
1027 1409 1090 1473 τοῦ
1115 1403 1310 1485 πνεύματος,
1340 1403 1391 1471 ε’πί

240 1520 304 1585 τοῦ
324 1515 538 1612 Δημιουργοῦ
567 1516 674 1614 φασίν
700 1519 859 1614 εἰρῆσθαι,
887 1516 923 1586 ὃν
940 1517 1089 1612 ψυχικὸν
1110 1515 1193 1585 ὄντα
1210 1515 1275 1597 2μὴ
1296 1516 1394 1605 ε’γνον-

241 1626 326 1696 κέναι
354 1631 438 1708 μήτε
463 1627 524 1708 τὴν
544 1629 672 1725 μητέρα
699 1630 916 1711 πνευματικὴν
943 1626 1052 1711 οὖσαν,
1078 1632 1162 1710 μήτε
1186 1625 1230 1698 τῦ
1256 1628 1391 1725 σπέρμα

241 1740 346 1821 oriris,
366 1745 451 1821 μήτε
471 1739 548 1815 τοῦς
568 1741 600 1808 έν
621 1743 669 1829 τῷ
691 1740 901 1838 Πληριύματι
923 1740 1062 1816 Αίῶνας.
1099 1735 1184 1810 Ὅτι
1215 1738 1291 1810 ι’δὼν
1318 1736 1391 1844 [ὅτι

243 1849 286 1932 δέ,
314 1844 376 1953 ὧν]
403 1856 528 1933 ἤμελλε
553 1851 674 1953 σώζειν
699 1854 718 1922 ὁ
743 1853 874 1951 Σωτὴρ,
898 1854 1027 1924 τούτων
1051 1850 1112 1928 τὰς
1138 1850 1297 1950 ἀπαρχὰς
1323 1852 1393 1921 ἆνέ-

242 1965 340 2049 λαβε,
369 1964 431 2034 τδν
462 1963 604 2034 Παῦλον
630 1965 802 2062 εἰρηκέναι·
835 1965 905 2034 Καὶ
935 1964 971 2047 riv
1001 1970 1018 2046 ἡ
1048 1965 1187 2063 ἀπαρχὴ
1216 1965 1312 2055 α’γία,
1340 1966 1391 2033 καί

242 2077 285 2145 ri
317 2076 465 2173 φύραμα.
496 2074 678 2173 Ἀταρχῆν
709 2075 768 2160 μέν
796 2079 839 2148 τδ
870 2080 1089 2160 πνευματικόν
1121 2079 1271 2175 εἰρῆσθαι
1305 2073 1394 2145 διδά-

243 2217 388 2262 σκοντες·
420 2189 558 2286 φύραμα
580 2187 614 2258 δέ
632 2191 721 2272 ἡμᾶς,
741 2191 903 2262 τουτέστι
927 2191 987 2272 τὴν
1014 2189 1161 2286 ψυχικὴν
1180 2188 1392 2271 Ἐκκλησίαν,

241 2445 313 2504 sata
337 2437 410 2514 tria,
437 2437 501 2502 tria
523 2459 641 2522 genera
669 2437 874 2503 manifestare
904 2407 1023 2502 dicuni.
1068 2436 1236 2501 Mulierem
1265 2435 1394 2522 quidem

242 2536 394 2621 Sophiam
408 2537 469 2600 diei
482 2538 616 2607 docent;
637 2537 748 2600 farinae
758 2560 832 2601 vero
846 2545 917 2600 sat-a
930 2537 1003 2611 tria,
1014 2537 1078 2602 tria
1088 2558 1206 2622 genera
1219 2536 1393 2611 homiuum,

240 2636 392 2721 spiritale,
411 2637 554 2705 animale,
567 2635 719 2700 choicum.
758 2637 965 2700 Fermoutum
985 2658 1059 2700 vero
1076 2637 1177 2721 ipsum
1195 2634 1394 2699 Salvatorem

241 2735 362 2798 dictum
389 2733 509 2800 dicunt.
557 2735 602 2799 Et
630 2735 765 2800 Paulum
791 2745 900 2800 autem
924 2735 1091 2800 manifeste
1116 2735 1233 2798 dixisse
1257 2734 1393 2802 choicos.

80 2847 228 2887 worma
242 2833 402 2910 animales,
431 2835 598 2919 spiritales.
663 2835 751 2898 Alibi
777 2835 924 2919 quidem:
963 2835 1073 2909 Qualis
1103 2834 1229 2905 οΙιοίονι,
1261 2834 1339 2898 tales
1368 2844 1396 2898 ct

79 2944 211 2984 mal-¹4
242 2934 346 2998 choici.
398 2934 487 2998 Alibi
516 2944 643 2998 autem:
684 2934 839 2998 Animalia
866 2935 949 2998 ieme
978 2956 1038 2998 ιιοιι
1065 2935 1202 3019 percipit
1228 2956 1297 3018 quor
1325 2942 1396 2997 ιιιιιι

80 3041 144 3079 ¹⁰⁰¹·
155 3042 178 3082 ¹¹·
188 3042 217 3080 ¹⁶·
242 3035 377 3120 spiritus.
432 3034 515 3098 Alibi
535 3042 662 3099 autem:
691 3034 856 3119 Spiritalis
872 3034 1031 3097 scamaras
1048 3035 1158 3097 οιιιιιῦα.
1208 3031 1337 3119 [Suppl.
1356 3033 1394 3096 ld

242 3133 378 3220 autem]
399 3135 555 3199 Animalia
567 3145 667 3199 uatem
685 3156 742 3198 ιιοιι
755 3135 893 3219 percipit
909 3155 977 3218 quta
993 3144 1064 3197 suat
1080 3133 1217 3217 spiritus,
1232 3133 1273 3195 de
1285 3131 1395 3196 Demi-

242 3255 323 3320 urgo
341 3235 462 3299 dictum
479 3235 598 3306 dicunt,
615 3234 668 3319 qui
686 3256 758 3298 eum
772 3234 938 3318 l'syclricus
952 3233 1003 3296 sit.
1016 3254 1079 3295 non
1097 3231 1279 3318 cognoverit
1291 3253 1396 3317 neque

242 3341 377 3396 matrem
394 3333 569 3417 spiritalem
587 3335 788 3407 existentem,
806 3355 908 3417 neque
924 3354 1030 3396 semen
1048 3332 1126 3417 ejus,
1144 3353 1247 3416 neque
1267 3353 1323 3395 eos
1340 3330 1395 3417 qui

241 3439 316 3493 sunt
331 3432 362 3493 in
382 3433 561 3495 Pleromate
580 3432 708 3495 AEones.
762 3431 921 3506 Quoniam
947 3440 1054 3496 autem
1072 3453 1179 3495 eorum
1199 3452 1278 3515 quos
1295 3431 1395 3495 salva·

78 3545 140 3588 nom.
150 3547 216 3587 xtra
241 3535 332 3593 turus
349 3537 418 3594 erat
438 3529 585 3593 Salvator
601 3529 692 3594 initia
708 3531 841 3615 accepit,
857 3530 992 3595 Paulum
1008 3531 1137 3595 dixisse:
1156 3530 1239 3594 Etsi
1250 3529 1396 3595 delibatio

239 3639 356 3704 ιονιοιο,
391 3640 419 3694 ct
452 3650 560 3693 νιιαειο.
613 3627 850 3694 Delibationem
881 3630 1017 3715 quidem,
1047 3630 1131 3715 quod
1164 3638 1214 3694 est
1251 3629 1396 3714 spiritale

241 3726 361 3793 dictum
388 3730 557 3794 docentes:
584 3730 837 3815 conspersionem
863 3737 971 3794 antem
994 3752 1062 3804 nos,
1080 3730 1112 3793 id
1140 3737 1189 3794 est
1213 3729 1395 3814 psychicum

290 3973 296 4002 ¹
326 3969 421 4017 (ἔκλυε
443 3969 557 4018 observes
578 3972 635 4019 that
656 3972 699 4020 the
721 3972 788 4019 word
840 3973 896 4020 that
919 3973 950 4020 ha
974 3989 1023 4020 was
1046 3972 1165 4035 applying
1187 3972 1229 4019 the
1257 3969 1341 4018 words
1369 3986 1396 4018 us

239 4052 301 4100 θεοῦ
317 4051 339 4099 is
358 4050 471 4114 supplied
490 4051 516 4098 in
535 4066 581 4099 our
594 4052 704 4100 received
720 4057 788 4111 text;
840 4054 933 4102 altered
955 4054 988 4118 by
1005 4055 1048 4102 tho
1066 4052 1249 4111 Valentiniana,
1271 4053 1329 4100 who
1348 4051 1396 4100 had

238 4133 284 4182 but
305 4133 362 4181 that
383 4133 404 4181 it
424 4134 445 4180 is
468 4133 572 4181 omitted
593 4134 620 4181 in
641 4135 684 4182 the
702 4135 788 4198 Syriae
839 4135 904 4183 their
925 4150 1025 4182 reasons
1044 4135 1083 4182 ior
1105 4132 1224 4195 onutting
1246 4133 1289 4180 the
1316 4133 1392 4181 word.

238 4215 343 4275 version,
359 4216 392 4278 by
408 4214 434 4263 S.
447 4214 511 4263 don.
526 4214 701 4263 Gnnrsosron
713 4217 788 4265 iubis
839 4215 891 4264 The
904 4213 1047 4278 Spiritwith
1055 4215 1124 4262 them
1135 4212 1221 4259 ποιοί
1229 4211 1392 4274 Monogenes,

238 4301 416 4360 commentary,
431 4295 481 4345 und
491 4296 526 4360 by
538 4296 663 4344 Onnunnr
676 4297 704 4344 of
712 4297 787 4346 Alex-
837 4315 863 4362 p.
876 4312 914 4345 ιι.

238 4379 333 4437 andria,
368 4378 454 4427 Strom.
477 4389 503 4427 v.
529 4388 576 4438 557
595 4377 711 4439 (Potter’s
728 4378 787 4440 ed).
888 4377 900 4408 ⁸
926 4379 978 4426 Tbs
1009 4378 1171 4426 unconseious
1201 4377 1336 4439 ignorance
1367 4375 1396 4423 ol

239 4459 354 4507 Srrrsnsrv
374 4475 492 4523 supposes
511 4460 567 4507 that
589 4459 667 4506 either
684 4459 728 4506 the
747 4475 789 4506 au·
840 4459 984 4523 Demiurge,
1003 4460 1053 4508 and
1072 4459 1105 4506 its
1124 4457 1234 4507 removal
1256 4458 1291 4521 by
1311 4457 1390 4516 Soter,

238 4539 295 4587 thor
306 4541 398 4603 quoted
416 4558 442 4589 as
461 4540 532 4590 usual
550 4540 613 4588 from
628 4555 747 4603 momory,
763 4556 791 4588 or
840 4541 861 4588 is
872 4540 998 4589 described
1009 4541 1095 4600 above,
1107 4557 1131 4603 p.
1142 4538 1181 4600 64.
