2954 4986
530 348 1247 414 arascosronua1.185

96 517 262 614 χαλὸαίαυ
295 518 510 603 μοσομηιίαία
549 520 718 619 ἆκφραναί
756 521 883 617 danda,
924 520 1035 603 Ἰησοῦ
1075 520 1246 658 Ναζαρία.
1263 537 1412 624 gli-’step

97 631 167 702 Καὶ
190 633 319 704 τούτων
338 631 405 702 di
391 635 539 731 ερμηνεία
560 635 633 706 ε’στι
657 664 807 716 τοιαυτη
837 634 890 703 Ol
909 631 1084 770 διαιρῶ
1045 666 1088 706 το
1112 641 1246 720 πνεῦμα,
1262 632 1347 717 “Assa
1346 632 1362 670 ¹
1367 630 1412 670 ¹¹³

17 799 23 809 .
95 776 155 826 την
181 743 325 842 καρδίαν,
350 746 403 815 καί
435 746 496 829 τὴν
523 747 755 845 ὑπερουριίνιον
782 744 988 831 δύναμιν,
951 777 1011 828 την
1041 749 1246 846 αι’κτίρμονα·

96 858 229 940 ὀναίμην
248 864 312 928 τοῦ
329 859 493 941 ὀνόματός
513 890 583 942 σου,
608 859 729 957 Σωτὴρ
751 859 913 940 ἀληθείας.
966 859 1036 929 Καὶ
1058 866 1168 932 ταῦτα
1188 859 1248 944 μὲν

96 971 311 1062 ἐπιλέγουσιν
343 974 376 1041 oi
403 971 498 1042 aria-oi
529 977 714 1048 τελοῦντες.
758 971 801 1041 Ὀ
831 970 866 1042 di
896 974 1134 1055 τετελεσμένος
1162 974 1250 1045 ‹irro-

95 1084 249 1181 κρίνεται·
284 1082 528 1183 Ἐστῆριγμαι,
555 1083 608 1154 καί
640 1086 859 1182 λελιίτρωμαι,
889 1084 941 1155 καί
969 1091 1154 1183 λυτροῦμαι
1187 1087 1249 1169 τὴν

96 1197 212 1292 ψυχήν
237 1227 300 1278 μου
328 1195 397 1267 ἀπὸ
426 1201 489 1268 τοῦ
513 1199 627 1273 αίῶνος
652 1198 783 1281 τούτου,
808 1197 862 1266 καί
899 1196 1034 1268 πάντων
1070 1203 1136 1269 τῶν
1167 1201 1248 1297 παρ’

97 1310 199 1379 αὑτοῦ
225 1309 257 1377 ἐν
282 1311 332 1397 τῷ
359 1310 497 1392 ὀνόματι
525 1316 588 1380 τοῦ
613 1308 699 1394 Ἰαὼ,
733 1308 767 1386 ὃς
793 1310 1011 1408 ε’λυτριίνσατο
1039 1311 1100 1392 τὴν
1130 1311 1249 1408 ψυχὴν

96 1421 198 1492 αὑτοῦ
222 1423 265 1497 είς
284 1421 520 1520 ἀπολύτρωσιν
537 1423 569 1492 ἕν
588 1424 637 1512 τῷ
658 1421 809 1521 Χριστῷ
833 1429 885 1512 τῷ
914 1420 1022 1523 ζῶντι.
1073 1422 1155 1495 Εἶτ’
1177 1426 1249 1494 ε’πι-

95 1535 254 1625 λέγουσιν
275 1537 308 1604 οἱ
324 1536 497 1634 παρόντες·
522 1533 647 1633 Εἰρήνη
671 1538 784 1618 πᾶσιν,
805 1536 862 1633 ἐφ’
881 1533 935 1611 circ
956 1533 1000 1607 τίν
1020 1536 1124 1618 ὄνομα
1141 1543 1247 1609 τοῦτο

94 1648 349 1718 ἕπαναπαιίεται.
406 1645 561 1718 Ἔπειτα
598 1645 770 1748 μυρίζουσι
807 1645 869 1718 τὸν
901 1648 1141 1731 τετελεσμένον
1178 1653 1248 1740 ’τῷ

96 1761 172 1849 ὀπῷ
188 1762 238 1848 τῷ
260 1757 330 1829 dard
351 1758 537 1846 βαλσάμου
556 1755 597 1865 [l.
615 1763 664 1850 τῷ
684 1753 954 1863 ὀποβαλσάμιρ]·
983 1758 1027 1831 τὸ
1054 1758 1123 1860 γὰρ
1143 1767 1248 1861 μῦρον

95 1877 200 1943 τοῦτο
216 1873 323 1943 τύπον
339 1879 397 1953 τῆς
415 1870 497 1971 ὑπὲρ
516 1869 561 1943 τᾶ
582 1874 647 1944 ὅλα
667 1871 794 1948 εὐωδίας
814 1871 890 1942 εἶναι
911 1873 1079 1963 λέγουσιν.

176 2004 209 2071 3.
254 1983 365 2054 Ἔνιοι
391 1982 417 2054 δ’
445 1985 550 2057 αὐτῶν
573 1983 617 2057 τὸ
640 1983 699 2068 μὲν
723 1984 815 2076 ἄγειν
838 1984 893 2055 ε’πί
917 1983 961 2056 τὸ
980 1981 1064 2082 ὕδωρ
1083 1981 1247 2082 περισσὸν

96 2095 174 2166 εἶναι
196 2095 376 2196 φάσκουσι,
394 2096 549 2191 μίξαντες
568 2095 603 2167 δὲ
621 2094 736 2169 ἔλαιον
752 2097 805 2167 καί
825 2093 909 2196 ίίιίιορ
928 2098 982 2167 ἐπὶ
999 2096 1043 2169 τὸ
1061 2094 1153 2182 chri,
1171 2097 1244 2180 μετ’

97 2210 298 2308 ἕπιρῤἧαεαν
322 2211 566 2308 ὁμοιοτρόπων,
596 2207 646 2286 alc
679 2215 926 2310 προειρήκαμεν,
950 2207 1176 2298 ἐπιβάλλουσι
1203 2216 1247 2304 τῇ

96 2324 228 2420 κεφαλῇ
256 2327 323 2394 τῶν
347 2323 587 2405 τελειουμένιον·
613 2321 667 2392 καί
692 2325 785 2395 τοῦτ’
814 2321 892 2393 εἶναι
923 2323 984 2406 τίην
1008 2322 1247 2421 ἆπολιίτριοσιν

97 2436 242 2507 θέλουσι.
303 2434 493 2537 Μυρίζουσι
529 2432 564 2505 dri
593 2434 646 2505 καί
678 2435 773 2506 αὐτοὶ
804 2441 857 2524 τῷ
886 2432 1067 2526 βαλσᾶμῳ.
1111 2432 1245 2505 'Athos

95 2648 260 2715 ιιιοιοηιιιία
282 2649 397 2715 macla
410 2648 619 2735 scrooepsela
635 2649 713 2714 Jesa
729 2649 905 2715 Νανανιιιι.
953 2648 999 2714 Et
1015 2648 1130 2713 horum
1147 2648 1246 2714 inter-

95 2749 235 2835 pretatio
252 2757 302 2815 est
319 2749 412 2816 talis:
433 2748 550 2814 Ollristi
564 2769 625 2813 ooo
641 2748 746 2814 divido
761 2750 917 2834 spiritam,
934 2770 994 2822 eor,
1012 2760 1042 2814 et
1057 2749 1246 2836 operosas·

95 2859 151 2915 tem
172 2851 315 2915 virtatem
335 2848 573 2914 assumam.-
589 2849 695 2933 sraar
716 2849 835 2914 nomiae
857 2857 908 2914 tac
930 2849 1077 2914 Salvator
1092 2850 1242 2915 υινίιαιίι.

97 2948 141 3014 Et
157 2950 227 3014 hese
244 2950 372 3035 quidem
389 2949 557 3034 profantur
573 2948 632 3033 ipsi
649 2948 704 3033 qui
720 2956 858 3014 sacrant.
894 2948 958 3025 Qui
973 2957 1081 3013 autem
1098 2958 1246 3013 sacratur

96 3051 279 3136 respondet:
304 3052 508 3136 Confirmata
524 3069 600 3119 eum.
618 3059 647 3114 et
662 3047 831 3133 redemptas
846 3069 923 3120 sam,
939 3057 966 3112 et
978 3047 1094 3111 redimo
1105 3049 1245 3112 animam

96 3172 189 3215 meam
207 3148 247 3215 ab
264 3171 346 3215 αοιιι
360 3149 423 3226 Ιιοο,
441 3157 469 3213 ot
486 3149 623 3213 οιαιιίὸκε
638 3169 707 3234 quse
721 3157 793 3212 suot
808 3146 848 3211 ab
864 3168 897 3211 eo
913 3148 948 3212 io
962 3147 1168 3221 nocticolae,
1190 3148 1246 3231 qai

96 3250 221 3314 redemit
236 3249 376 3314 animam
392 3248 458 3334 ejras
474 3248 508 3313 ιἰι
525 3248 755 3335 redooprionom
771 3248 806 3312 ιἰι
826 3247 945 3312 Oln'stc
958 3247 1080 3312 sinente.
1119 3245 1245 3312 Dehinc

95 3350 298 3434 superlantur
315 3349 368 3435 qni
385 3355 510 3415 astant:
530 3351 609 3413 Pac·
620 3348 757 3413 omnibus
767 3349 800 3413 ia
813 3370 885 3435 qaas
895 3347 949 3412 Ιιοο
959 3367 1064 3412 nemea
1075 3346 1243 3433 requiescit.

97 3448 174 3515 Post
197 3449 312 3514 deinde
334 3456 460 3536 ungunt
480 3456 641 3514 sacratum
668 3448 880 3533 opobalsamo.
928 3447 1138 3534 Unguentum
1160 3444 1245 3512 enim

96 3548 153 3614 hoc
168 3557 281 3634 typum
299 3572 367 3614 esse
384 3549 496 3615 dicunt
513 3549 580 3634 ejus
597 3548 775 3625 suavitatis,
794 3571 865 3633 quae
883 3547 925 3613 sit
939 3569 1035 3632 super
1051 3546 1205 3612 universa.

166 3651 197 3713 3.
223 3649 360 3727 Quidam
377 3657 486 3715 autem
502 3670 612 3713 eorum
629 3649 787 3715 adducere
803 3648 930 3733 quidem
948 3648 990 3713 ad
1007 3669 1122 3732 aquam
1134 3669 1246 3732 super·

95 3771 227 3814 vacnum
259 3771 326 3814 esse
353 3750 484 3821 dicunt;
512 3748 723 3812 admiscentes
749 3756 858 3812 autem
883 3747 988 3810 oleum
1013 3755 1046 3811 et
1072 3768 1188 3832 aquam
1211 3745 1245 3810 in

94 3870 200 3922 unum,
218 3871 290 3913 cum
308 3849 496 3935 quibusdam
513 3847 684 3933 prophanis
699 3846 899 3924 dictionibus,
910 3846 1062 3911 similibus
1079 3868 1150 3932 quae
1162 3868 1246 3932 prae-

93 3948 238 4021 diximus,
255 3949 391 4015 mittunt
407 3970 503 4034 super
519 3970 628 4012 eorum
645 3955 740 4033 caput
757 3947 811 4032 qui
826 3953 1013 4011 sacrantur:
1037 3954 1071 4012 ct
1093 3946 1153 4011 hoc
1176 3968 1244 4012 esse

94 4048 344 4135 redemptionem
373 4049 493 4115 volunt.
546 4047 683 4133 Ungunt
715 4054 824 4112 autem
863 4057 896 4111 et
936 4046 995 4132 ipsi
1028 4045 1242 4132 opobalsamo.

93 4254 157 4307 φρακ
177 4247 199 4295 is
221 4247 339 4295 obtained
355 4248 388 4310 by
405 4246 600 4295 transmutation
616 4244 645 4293 of
690 4245 832 4310 manifcstly
848 4246 919 4295 made
936 4262 970 4309 up
991 4246 1045 4293 into
1067 4260 1099 4292 an
1121 4247 1242 4305 unguem,

91 4328 133 4376 the
144 4328 230 4376 letters
242 4334 315 4391 κφρα.
691 4327 759 4375 there
776 4344 822 4375 can
839 4329 870 4376 be
886 4329 950 4376 little
966 4328 1044 4376 doubt
1061 4327 1107 4374 but
1123 4325 1180 4372 that
1201 4325 1245 4372 the

139 4408 149 4440 ¹
166 4410 266 4470 τῷόπῷ
278 4411 314 4470 τῷ
327 4410 376 4458 ἀπὸ
386 4409 523 4472 βαλσάμου.
558 4407 588 4457 If
600 4408 644 4457 the
691 4409 793 4472 reading
810 4409 898 4457 should
916 4411 945 4458 be
962 4410 997 4469 τῷ
1017 4406 1192 4469 ὀποβαλσάμου,
1215 4419 1244 4452 as

90 4496 174 4541 recent
187 4491 255 4554 juics
276 4493 305 4540 of
322 4493 366 4541 the
381 4492 477 4541 baleam
493 4507 557 4541 were
573 4489 641 4551 used,
691 4491 735 4539 the
747 4489 822 4538 Latin
835 4492 886 4539 also
898 4492 942 4539 has
953 4490 982 4538 it.
1007 4490 1047 4538 On
1059 4486 1172 4537 catholic
1183 4501 1243 4535 unc·

90 4573 142 4623 this
152 4573 257 4638 reading
265 4574 348 4639 might
358 4574 407 4635 do;
423 4574 471 4624 but
480 4575 548 4624 unce
560 4573 583 4622 it
594 4589 645 4622 rm
692 4573 753 4633 tion,
765 4588 880 4637 compare
891 4572 1024 4634 Bingharn,
1039 4571 1098 4620 Ant.
1112 4581 1149 4619 ιι.
1162 4583 1186 4634 9.
