2954 4986
332 329 630 381 SCRIPTURARUM
657 329 959 383 PERVERSIONES.
1177 319 1219 383 31

58 484 173 587 μόζειν
191 486 389 590 βιαζόμενοι
407 487 451 562 τὰ
470 495 576 567 καλῶς
595 492 744 589 εἰρημένα
763 501 835 568 τοῖς
852 497 954 569 κακῶς
967 492 1221 576 ε’πινενοημὲνοις
1242 502 1373 588 Ἠξᾞῖξὲ

64 601 223 626 sss«
340 602 476 630 ενι
564 604 742 629 aas
895 609 911 626 a
997 593 1382 634 s-·s¹nss1.tn.a

58 631 103 669 ΜΓ
136 631 254 671 οντων·
296 635 350 672 Καὶ
373 634 410 673 (W
429 635 530 687 μονον
557 636 591 673 ΕΚ
615 636 682 674 ‘rwv
710 612 932 696 θυαγγελίκων
953 637 1007 675 Καὶ
1037 638 1104 677 ’ἴων
1133 637 1219 677 (1πο-

58 718 225 783 στολικῶν
248 719 432 817 πειρῶνται.
446 714 507 792 τὰς
531 713 714 809 ἀποδείξεις
733 721 915 800 ποιεῖσθαι,
940 720 1218 816 πορατρέποντες

56 823 120 901 τὰς
140 828 314 924 ἑρμηνείας,
334 828 388 898 καὶ
403 826 676 927 ῥᾳδιουργοῦντες
693 826 754 905 τὰς
778 826 958 922 ἐξηγήσεις·
985 828 1087 914 ἀλλὰ,
1108 831 1161 901 καὶ
1183 833 1217 902 ἐκ

59 939 160 1020 νόμον
181 939 235 1008 καὶ
251 946 445 1038 προφητῶν,
468 939 530 1012 ἅτε
547 946 685 1010 πολλῶν
704 943 913 1040 παραβολῶν
932 942 985 1012 καὶ
1004 943 1217 1042 ἆλληγοριῶν

59 1052 239 1148 εἰρημένων,
263 1053 317 1122 καὶ
337 1056 379 1128 εἷς
402 1051 519 1123 πολλὰ
542 1051 647 1123 ἕλκειν
671 1051 849 1137 δυναμένων
872 1053 915 1125 τδ
940 1055 1141 1153 ἆμφῖβολον
1163 1055 1215 1127 διὰ

58 1170 118 1243 τῆς
144 1161 335 1256 ἐξηγήσεως,
364 1163 473 1264 ἐ’τεροι
498 1163 533 1235 δὲ
558 1163 671 1248 δεινῶς,
693 1161 934 1271 Ῑ[δεινοτέρας]
960 1171 1011 1256 τῷ
1035 1165 1214 1251 πλάσματι

59 1276 167 1345 αὖτῶν
196 1276 250 1345 καὶ
286 1275 402 1353 δολίως
428 1275 686 1377 ἐφαρμόζοντες,
720 1278 1025 1379 αἰχμαλωτίζονσιν
1057 1279 1126 1351 ἆπδ
1158 1289 1217 1362 τῆς

59 1387 215 1468 ἀληθείας
242 1389 317 1465 τοὺς
341 1391 386 1473 μὴ
410 1389 541 1490 ἑδραίαν
562 1390 623 1472 την
652 1390 769 1462 πίστιν
791 1395 853 1468 2εἰς
880 1390 935 1463 ἕνα
965 1391 1051 1463 Θεδν
1082 1394 1215 1491 πατέρα

58 1497 332 1600 παντοκρᾶτορα,
364 1501 418 1572 καὶ
443 1504 485 1580 εἷς
514 1501 571 1573 ἕνα
595 1503 704 1601 κύριον
725 1503 856 1586 Ἰησοῦν
880 1504 1040 1602 Χριστὸν
1064 1509 1125 1576 τὸν
1148 1505 1216 1577 νὶδν

57 1618 122 1685 τοῦ
139 1613 228 1684 θεοῦ
246 1611 552 1714 διαφυλάσσοντες.

139 1746 172 1812 7.
222 1724 278 1797 Τὰ
305 1725 341 1797 δὲ
369 1726 462 1803 ε’κτδς
490 1733 553 1798 τοῦ
581 1730 806 1826 πληρώματος
833 1730 1000 1818 λεγόμενα
1030 1731 1084 1799 ὑπ’
1110 1731 1215 1802 αὐτῶν

59 1837 133 1909 ε’στι
153 1844 308 1910 τοιαῦτα·
333 1839 394 1921 τὴν
413 1839 612 1922 Ἐνθύμησιν
630 1849 687 1922 τῆς
705 1839 768 1909 ἅνω
789 1841 930 1939 Σοφῖος,
949 1840 987 1922 ἣν
1007 1841 1061 1911 καὶ
1085 1841 1215 1937 3Ἄχα-

59 1951 130 2032 add
151 1957 319 2034 καλοῦσιν,
341 1952 588 2050 ιἰφορισθεῖσαν
611 1959 674 2023 τοῦ
699 1946 802 2058 [ἅνω]
828 1955 1052 2051 πληρώματος
1081 1953 1140 2023 σὺν
1164 1963 1218 2044 τῷ

60 2061 156 2135 πάθει
177 2064 347 2156 λέγουσιν,
365 2066 398 2135 ἐν
415 2075 520 2141 σκιαῖς
536 2064 590 2134 καὶ
611 2067 842 2148 4σκηνώματος
857 2060 1080 2170 [κενώματος]
1094 2067 1215 2144 τόποις

57 2283 97 2346 ab
121 2283 207 2368 ipsis.
261 2282 307 2346 Et
329 2304 393 2345 non
417 2282 518 2347 solum
544 2288 652 2346 autem
675 2304 716 2346 ex
739 2280 938 2367 Evangelicis
963 2289 997 2347 et
1019 2283 1214 2367 Apostoliois

59 2389 187 2450 tentant
221 2381 417 2446 ostensiones
449 2382 563 2451 facere.
599 2390 820 2446 convertentes
852 2381 1144 2466 interpretationes,
1181 2391 1214 2448 et

58 2482 277 2547 adulterantes
293 2481 523 2567 expositiones:
542 2480 713 2545 sedetiam
731 2503 771 2545 ex
789 2480 875 2566 Lege
891 2489 925 2546 et
942 2481 1121 2566 Prophetis,
1141 2505 1213 2547 cum

59 2581 168 2645 multoe
186 2582 346 2666 parabolae
363 2589 397 2646 et
410 2581 569 2668 allegoriae
586 2581 650 2646 sint
664 2581 768 2656 dictae,
782 2589 816 2646 ct
831 2581 864 2643 in
877 2580 979 2646 mults
991 2581 1076 2647 trahi
1094 2582 1214 2667 possint

58 2681 241 2767 ambiguum
259 2704 317 2767 per
337 2681 576 2766 expositionem,
595 2680 779 2766 propensius
804 2681 846 2745 ad
870 2681 1057 2767 figmentum
1072 2705 1164 2746 suum
1180 2691 1213 2747 et

59 2779 166 2845 dolose
190 2782 392 2866 adoptantes,
419 2780 451 2843 in
472 2781 692 2865 captivitatem
716 2781 837 2845 ducunt
861 2803 881 2846 a
906 2781 1043 2847 veritate
1068 2805 1132 2858 eos,
1158 2782 1212 2866 qui

59 2899 120 2943 non
137 2880 264 2944 firmam
280 2880 375 2944 fidem
394 2880 426 2943 in
447 2902 545 2944 unum
564 2880 670 2944 Deum
689 2880 821 2945 Patrem
842 2881 1102 2965 omnipotentem,
1121 2890 1155 2946 et
1180 2881 1213 2944 in
1305 2909 1309 2916 ·

59 2999 155 3043 unum
172 2978 196 3042 J
198 3002 286 3044 esum
300 2980 462 3044 Christum
479 2979 596 3043 Filium
615 2979 675 3043 Dei
692 2987 889 3044 conservant.

131 3079 163 3148 7.
210 3078 261 3142 Ea
279 3101 352 3142 vero
370 3103 441 3165 quae
458 3087 552 3144 extra
571 3079 719 3144 Pleroma
736 3080 886 3143 dicuntur
900 3078 941 3142 ab
959 3077 1006 3152 iis,
1024 3084 1100 3142 sunt
1120 3078 1212 3142 talia:

60 3176 271 3264 Enthymesin
284 3178 366 3242 illius
382 3178 551 3263 superioris
569 3177 709 3264 Sophioe,
728 3200 823 3263 quam
841 3185 874 3243 et
887 3177 1070 3242 Achamoth
1087 3186 1212 3254 vocant,

60 3287 239 3363 separatam
252 3300 273 3342 a
288 3277 451 3363 superiore
463 3279 646 3344 Pleromate
663 3301 733 3343 cum
752 3277 894 3363 passione
911 3277 1032 3357 dieunt,
1050 3277 1083 3342 in
1100 3277 1213 3343 umbra

106 3471 116 3504 ¹
132 3471 185 3520 The
193 3473 386 3536 representative
394 3473 423 3522 ol'
437 3474 472 3524 Ιτ.
485 3474 511 3523 δε
522 3474 607 3523 δεινῶς.
653 3471 724 3536 suit,-
740 3471 875 3522 Audassotd
888 3473 960 3535 ande,
975 3473 1056 3523 adduc
1069 3473 1193 3538 ηιισνίιντ.

62 3551 165 3602 Ivould
175 3555 228 3603 also
239 3560 342 3619 suggest
352 3556 463 3617 ἑτεροῖος,
478 3557 562 3605 δεινοτ.
708 3554 719 3585 ⁴
743 3556 827 3604 Σκιαΐς
860 3557 899 3604 καὶ
932 3558 1086 3615 σκηνώματος
1118 3554 1212 3620 τόποις]

104 3635 181 3686 ’ἕνα
210 3636 264 3685 The
281 3637 367 3686 reader
383 3637 434 3685 will
449 3638 551 3686 observo
568 3638 611 3686 the
660 3636 806 3700 Legeudum
825 3639 893 3687 σκιᾶς
915 3639 955 3685 καὶ
977 3640 1110 3697 κενώματος
1131 3640 1213 3689 τόποις

60 3725 129 3767 auct
139 3723 216 3768 terme
227 3719 256 3767 of
269 3719 312 3768 the
324 3718 435 3768 Orientsl
449 3718 542 3768 Creed:
560 3719 611 3767 this
657 3717 733 3781 juxta
751 3718 883 3780 antiquum
904 3717 1070 3781 Interpretem
1084 3725 1110 3768 et
1126 3719 1212 3767 'Pno-

60 3801 124 3848 word
135 3801 185 3849 had
196 3802 258 3850 &en
270 3801 416 3850 introduced
427 3802 452 3850 in
468 3802 490 3850 it
504 3806 531 3850 to
545 3806 611 3850 meet
661 3809 793 3858 nomon,
808 3798 851 3860 qui
863 3797 904 3845 lib.
917 3797 940 3845 Ι.
948 3797 1038 3846 Hm.
1051 3798 1139 3847 Fatua
1156 3815 1211 3863 cap.

59 3884 153 3944 gnostic
163 3885 249 3933 rather
259 3885 321 3932 than
333 3883 421 3947 Pagan
432 3899 507 3932 error.
663 3890 685 3940 7,
703 3895 728 3942 p.
749 3892 801 3943 199,
819 3879 884 3926 hanc
898 3884 1004 3926 matrem
1018 3880 1161 3929 Achamoth
1176 3881 1214 3929 ait

103 3963 115 3997 ⁸
130 3967 276 4015 Achamoth
288 3966 308 4015 is
318 3966 445 4030 evidently
451 3966 612 4015 tthcbrew
662 3961 687 4008 tr
701 3961 759 4020 σκιᾷ
772 3977 818 4006 τινι
834 3960 873 4006 καὶ
888 3962 1006 4018 κενώματι
1022 3962 1120 4022 διάγειν.
1155 3961 1213 4024 Ipse

59 4053 139 4102 nmo
152 4064 181 4096 or
193 4048 280 4096 rather
296 4048 340 4096 the
354 4047 440 4113 Syriae
456 4031 610 4123 im,
662 4041 787 4089 Inurum
798 4041 872 4104 paulo
888 4046 946 4105 post
961 4042 1055 4102 scribit,
1072 4043 1213 4090 κατιλελεῖ·

57 4121 207 4173 Thesecond
218 4125 301 4174 ottho
312 4125 462 4177 Gabbalistic
479 4129 611 4193 Sephiroth
663 4125 723 4183 φθαι
741 4125 814 4182 μόνον
831 4125 856 4172 ἐν
872 4125 908 4184 τῷ
927 4125 1008 4172 σκότει
1028 4125 1068 4173 καὶ
1086 4127 1211 4183 seudum·

58 4219 104 4254 was
123 4215 215 4266 amn,
236 4206 338 4255 derived
355 4206 420 4256 from
439 4207 482 4256 the
503 4208 612 4272 inspired
663 4204 698 4252 Et
713 4204 756 4254 lib.
769 4205 806 4252 H.
825 4220 879 4268 cap.
897 4215 919 4265 7,
937 4205 1027 4268 saepins
1043 4205 1157 4252 nominat
1172 4218 1213 4251 να·

57 4287 200 4355 description
217 4289 248 4338 of
262 4288 357 4337 Divino
371 4289 484 4337 Wisdom
498 4290 523 4337 in
535 4290 609 4340 Prcu.
661 4302 733 4336 αιιιην
744 4293 764 4335 et
775 4287 892 4335 umbram.
911 4286 989 4335 Porro
1000 4287 1212 4343 TsaruunrnrwS,

57 4371 102 4420 viii.
120 4375 213 4436 Σοφία,
226 4373 325 4433 γνῶσις,
335 4371 432 4434 though
439 4371 611 4420 hswunrarr
661 4384 716 4431 cap.
736 4382 765 4428 14
782 4368 873 4416 habet:
892 4367 997 4429 Farplora
1013 4374 1045 4415 est
1062 4367 1091 4414 is
1107 4366 1159 4413 locs
1176 4364 1212 4411 lu·

56 4467 113 4518 mys,
135 4457 181 4506 the
204 4452 350 4503 derivatico
369 4452 398 4500 ol*
416 4453 459 4501 the
478 4458 543 4502 term
560 4469 611 4503 was
660 4450 736 4498 minis
757 4449 846 4509 alieno,
871 4448 935 4511 qued
956 4448 1101 4497 Pleromatis
1121 4451 1160 4504 ed,
1184 4443 1215 4492 s's

55 4532 612 4595 mmowntohimmuspmiadaeaac
660 4538 865 4593 νοοιινιιααιηνε
896 4529 972 4579 uscos
1002 4527 1068 4578 illud
1099 4525 1212 4590 maest
