2954 4986
452 323 551 376 nnus
575 322 733 376 nmmum
759 322 951 376 annuens
1213 310 1278 377 251

1299 501 1353 542 ΜΒ.
1360 501 1390 542 11.
1396 503 1409 542 Ι.
1420 505 1438 544 1.

628 541 721 627 (ΞΑΡ,
749 541 776 608 Ῑ,
1312 549 1420 588 unna

1292 595 1444 637 nussum.

1292 671 1443 681 ——

129 702 289 778 Osteose'o
304 700 400 801 qood
413 728 525 800 oeqere
538 715 641 776 extro
650 703 822 802 pleroma
838 701 885 778 eit
898 704 1149 780 oraioeraomem
1163 705 1277 798 Deua,

202 848 315 921 aeque
342 835 447 896 extra
470 821 739 921 plenitudinem
767 825 841 922 ejus
868 849 941 898 eoae
973 823 1130 924 alr'qaid,
1167 852 1280 925 aeque

200 938 349 1038 quidem
365 938 457 1012 cloes
473 965 545 1012 ease
561 937 647 1014 deos
663 939 835 1015 imoeeoeo
852 940 1042 1017 interuallo
1059 942 1106 1016 ab
1124 940 1280 1018 invicem

200 1056 384 1147 distantes,
407 1081 519 1154 oeque
539 1056 708 1132 virtatem
727 1056 894 1155 aliquam
915 1057 1048 1134 moedi
1057 1058 1279 1156 fabricatri-

201 1199 277 1247 cem
294 1172 335 1248 iu
352 1171 568 1247 immensum
582 1188 796 1273 separatam
813 1201 839 1249 α
853 1174 981 1267 Patre,
1001 1188 1035 1251 et
1051 1175 1280 1274 lptwroatom

201 1315 292 1364 eom.

42 1482 110 1566 *5ssss
203 1465 232 1528 l.
281 1463 373 1527 Brun
387 1462 487 1549 igitur
502 1463 601 1528 habet
617 1486 637 1528 a
652 1462 755 1549 primo
769 1469 804 1529 et
819 1463 960 1530 maximo
973 1464 1113 1551 eapitulo
1129 1464 1279 1532 inchoare

51 1557 57 1567 ’
107 1554 194 1641 nos,
212 1585 232 1628 a
249 1562 425 1650 Demiurgo
442 1561 522 1641 Deo,
541 1562 596 1648 qui
613 1562 689 1628 feeit
709 1563 822 1628 eoelnm
840 1570 875 1628 et
891 1571 1011 1629 terram
1028 1571 1062 1630 et
1079 1564 1187 1630 omnia
1208 1587 1279 1650 ques

128 1664 161 1727 in
178 1663 222 1727 eis
235 1670 320 1740 sunt,
339 1684 433 1747 quern
445 1661 467 1726 ii
485 1662 740 1747 blasphemantes
754 1662 984 1729 'extremitatis
999 1663 1139 1728 fructum
1153 1663 1278 1732 dieunt:

128 1771 161 1828 et
183 1762 359 1841 ostendere,
384 1763 469 1848 quod
495 1784 598 1848 neque
623 1784 814 1846 supereum
833 1784 936 1848 neque
958 1770 1032 1848 post
1053 1785 1127 1828 eum
1151 1769 1201 1828 est
1223 1763 1279 1828 uli·

128 1863 223 1948 quid:
241 1884 344 1947 neque
366 1863 407 1927 ab
433 1862 540 1948 aliquo
556 1869 672 1938 motus,
693 1863 750 1926 sed
771 1884 829 1928 sua
851 1862 1012 1927 sententia
1028 1869 1063 1928 et
1082 1861 1182 1927 libere
1202 1862 1279 1928 feeit

128 1963 244 2040 omnia,
256 1984 327 2026 oum
345 1962 386 2027 sit
403 1961 488 2026 solus
506 1961 604 2038 Deus,
623 1969 656 2027 et
674 1961 758 2026 solus
776 1960 940 2041 Dominus,
959 1968 993 2027 et
1009 1961 1094 2027 solus
1111 1961 1278 2040 Conditor,

128 2071 162 2127 et
182 2063 267 2126 solus
290 2061 400 2140 Pater,
418 2063 469 2126 'et
491 2061 576 2126 solus
599 2061 764 2126 continens
788 2061 904 2138 omnia,
928 2069 963 2127 et
986 2060 1131 2126 omnibus
1154 2068 1192 2127 ut
1213 2061 1280 2129 sint

128 2161 194 2247 ipse
214 2170 378 2247 praestans.
430 2161 724 2238 ³Quemadm0dum
744 2160 828 2225 enim
851 2161 972 2246 poterit
994 2183 1090 2247 super
1111 2160 1196 2226 huno
1216 2161 1280 2229 alia

128 2261 303 2346 plenitudo,
322 2268 379 2326 aut
396 2260 550 2339 ⁴initium,
567 2267 623 2326 aut
640 2267 792 2345 potestas,
812 2267 869 2325 aut
889 2260 968 2325 alins
986 2260 1074 2325 Deus
1091 2283 1178 2326 esse:
1206 2283 1280 2326 oum

128 2369 277 2446 oporteat
293 2359 399 2425 Deum
415 2360 528 2424 horum
548 2361 688 2424 omnium
706 2361 847 2445 pleroma
863 2361 896 2424 in
921 2361 1075 2425 immenso
1097 2359 1204 2426 omnia
1219 2360 1279 2425 oir-

127 2461 374 2536 eumeontinere,
401 2466 435 2524 et
463 2460 737 2525 eiroumooutineri
762 2482 783 2524 a
810 2461 951 2526 nemine!
996 2460 1030 2525 Si
1053 2469 1162 2525 autem
1186 2467 1280 2527 extra

128 2560 216 2624 illum
230 2569 279 2625 est
296 2560 425 2646 aliquid,
440 2560 509 2646 jam
526 2582 590 2624 non
611 2558 751 2623 omnium
768 2567 817 2624 est
840 2561 991 2646 pleroma,
1010 2582 1113 2645 neque
1135 2560 1280 2626 eontinet

127 2661 242 2725 omnia.
286 2659 399 2725 Deerit
416 2661 500 2724 enim
515 2658 693 2746 pleromati,
718 2667 774 2725 ant
791 2660 820 2724 ei
839 2659 892 2745 qui
908 2661 951 2724 sit
965 2682 1060 2746 super
1074 2660 1181 2724 omnia
1197 2658 1279 2739 Deo,

128 2759 188 2825 hoe
206 2761 291 2846 quod
313 2767 406 2825 extra
422 2782 493 2824 eum
511 2760 631 2824 dicunt.
684 2758 780 2835 Quod
798 2769 906 2824 autem
931 2761 1031 2836 deest,
1052 2768 1086 2825 et
1104 2758 1281 2824 delibatum

127 2869 177 2926 est
200 2862 242 2926 ab
268 2861 384 2946 aliquo,
412 2861 490 2924 ⁵hoo
513 2882 577 2924 non
601 2867 651 2925 est
675 2860 815 2925 omnium
834 2859 986 2945 pleroma.
1037 2859 1084 2925 Et
1108 2860 1281 2925 terminum

127 2969 236 3026 autem
259 2967 293 3026 et
318 2960 526 3026 medietatem
549 2966 583 3024 et
605 2960 701 3025 finem
724 2959 993 3025 habebitadeos
1015 2959 1164 3044 quisunt
1187 2965 1282 3024 extra

176 3142 185 3173 ²
213 3138 365 3189 mremltats's
391 3138 512 3202 fructum,
540 3139 584 3186 the
611 3153 678 3186 same
777 3133 903 3184 'otrolua
912 3135 996 3183 omnio
1009 3133 1138 3194 cenam,
1156 3135 1197 3183 καὶ
1213 3133 1282 3193 μόνος

127 3225 209 3274 Greek
220 3229 296 3272 terms
307 3238 348 3270 are
359 3221 476 3270 rendered
488 3222 516 3268 in
526 3221 570 3268 the
580 3219 678 3283 profane
730 3216 811 3264 πάντα
821 3218 922 3277 κρατῶν,
934 3216 1000 3264 unde
1011 3216 1190 3277 παντοκράτωρ.

127 3324 154 3356 as
173 3304 342 3369 postremitatia
352 3303 472 3366 fructum,
491 3302 541 3351 and
558 3314 588 3351 11.
601 3317 677 3350 xxxv.
778 3295 789 3328 ⁸
811 3297 981 3346 Turonum
998 3312 1087 3360 argues
1108 3297 1134 3344 in
1156 3311 1172 3344 a
1190 3295 1284 3344 simila

128 3387 241 3437 astatis
250 3386 378 3448 fructum
395 3385 437 3433 the
448 3389 498 3432 two
509 3384 564 3432 first
578 3384 679 3447 beinga
730 3395 798 3443 way:
827 3379 894 3428 Simo
915 3378 980 3427 enim
1005 3378 1112 3439 Crantor,
1139 3393 1167 3426 a
1192 3376 1235 3424 leo
1262 3381 1284 3424 d

127 3470 207 3519 literal
225 3467 371 3517 translation
390 3466 418 3515 of
435 3467 477 3514 the
494 3465 562 3514 word
582 3466 679 3526 ὑστερὴ-
731 3460 805 3520 Deua,
828 3467 849 3509 et
867 3459 1011 3509 indebitam
1029 3459 1103 3519 Deua,
1124 3457 1183 3521 qaia
1200 3455 1284 3506 emoto

128 3569 204 3611 paros
223 3551 320 3612 καρπός.
354 3548 407 3596 The
424 3547 505 3606 latter,
531 3563 548 3594 a
564 3546 680 3602 latendo5
730 3542 897 3604 {primariae
911 3550 1049 3591 aaronem
1059 3540 1113 3590 s'lls':
1129 3540 1167 3589 aa
1181 3547 1204 3590 et
1217 3539 1285 3590 alites

128 3634 156 3681 in
171 3648 241 3681 aeneo
260 3629 397 3680 aserim.
432 3629 466 3678 So
486 3629 511 3678 S.
531 3629 629 3689 Jnuou,
652 3643 680 3677 ss
732 3624 967 3684 menomenae,
986 3624 1046 3687 quia
1061 3622 1146 3671 emnia
1161 3638 1210 3671 noa
1225 3621 1282 3684 qiu,

129 3715 221 3779 quoted
232 3716 265 3778 by
277 3713 378 3772 Gneus,
389 3728 446 3775 says
457 3711 486 3758 in
496 3710 597 3760 Nolam
608 3712 624 3759 i.
637 3725 663 3759 11
673 3727 679 3761 :
731 3706 829 3769 ideoque
838 3713 859 3755 d
868 3714 987 3755 utronea.
1022 3704 1131 3767 Dealqsoe
1142 3702 1286 3753 maimedus

129 3800 221 3846 Annua
232 3796 388 3843 videturesse
405 3793 519 3840 admosse
536 3791 616 3840 Deum
630 3808 681 3840 mo·
734 3789 854 3839 Creator-ia
870 3795 915 3838 est:
926 3787 981 3850 jam
998 3802 1040 3836 uec
1056 3786 1134 3835 amm
1151 3785 1219 3834 uideo
1236 3785 1286 3835 Det

129 3880 186 3928 litia
202 3886 222 3927 et
236 3874 406 3940 presentatio
423 3873 502 3922 dicere
515 3873 579 3935 qaod
596 3873 682 3923 Valea-
732 3870 840 3919 alteriue
875 3869 955 3917 Pleas
965 3876 986 3917 et
999 3874 1114 3930 occupate
1129 3874 1185 3916 aaut
1201 3866 1285 3917 omniu

127 3954 682 4022 liminaeaqaasiatertioamemmiasapiess-
732 3967 775 4000 rao
796 3957 898 4000 audere.
944 3949 973 3998 Si
994 3956 1064 3998 tacet
1085 3948 1184 4010 altpeid
1207 3946 1285 4010 opetia'

128 4043 168 4091 τίω
189 4050 317 4091 attremant
338 4039 430 4088 editum
449 4036 590 4087 Creatorem.
628 4037 682 4086 'l'lle
733 4033 839 4095 alicujus
860 4030 986 4080 diuinitati
1007 4029 1036 4078 ia
1058 4031 1182 4090 muria,
1208 4029 1286 4091 pluas

129 4124 238 4172 Cainites
255 4121 333 4171 called
349 4122 392 4169 the
414 4119 549 4182 Demiurge
572 4119 679 4180 ὑστέρω,
727 4115 793 4178 false
808 4114 909 4164 uocabit.
943 4113 1054 4162 Tmo.
1067 4112 1148 4161 Mure.
1162 4123 1180 4160 1.
1194 4125 1231 4170 11,
1251 4110 1283 4160 ul.

128 4224 153 4271 p.
169 4222 224 4268 242,
235 4220 348 4268 compare
359 4204 411 4252 aleo
423 4202 598 4261 Ennomus,
612 4201 679 4251 lloer.
735 4196 783 4246 rue
790 4195 864 4244 Three
871 4195 971 4250 Gradu
986 4195 1044 4243 Art.
1057 4193 1120 4241 saith
1131 4193 1157 4240 in
1167 4189 1283 4240 anGod.

129 4300 245 4336 xxxvun.
275 4290 341 4344 note,
361 4283 422 4333 itia.
461 4283 514 4331 But
541 4283 584 4330 the
611 4280 681 4330 Mar·
782 4277 793 4309 ⁴
810 4277 921 4326 Initium.
957 4278 1021 4338 ἀρχὴ
1037 4274 1126 4323 should
1143 4274 1206 4320 have
1223 4272 1286 4320 been

130 4371 225 4417 eoaians
253 4366 364 4416 affirmed
385 4367 442 4414 that
468 4364 604 4427 Demiurge
630 4377 682 4412 wan
732 4358 850 4408 rendered
858 4357 1020 4420 principium,
1033 4353 1283 4404 aseditorsobserve.

129 4451 171 4499 the
183 4448 360 4498 emanationes
367 4448 437 4496 three
447 4443 682 4495 sneoessiveAEonio
781 4439 792 4472 ⁸
808 4440 861 4488 The
877 4440 985 4488 Annum
999 4436 1056 4486 MS.
1076 4435 1149 4484 omits
1166 4433 1217 4495 tos,
1235 4432 1286 4483 and

129 4533 264 4594 abortione,
276 4547 317 4580 see
327 4547 353 4581 n.
370 4544 391 4592 1,
403 4546 428 4593 p.
445 4526 497 4579 163.
732 4524 753 4573 it
769 4523 790 4572 is
806 4521 914 4586 seareely
929 4517 1035 4569 wanted.
