2954 4986
238 217 305 283 280
611 226 714 281 ornus
737 225 814 278 non
841 224 1005 276 ninaunr

75 406 129 447 arn.
146 406 173 444 11.
184 406 228 444 nv.
239 381 386 451 fixionem
409 389 442 446 et
467 377 717 444 emendationem
742 375 929 462 reliquorum
958 373 1064 440 emissi
1092 374 1190 438 sont²
1249 369 1393 434 Meliores

88 499 132 536 ⁰¹²»
144 494 345 549 1quautem
360 505 466 548 rursus
487 483 586 567 prima
601 490 633 546 et
653 480 813 566 principali
832 480 952 544 tetrade
974 499 1123 542 essenon
1144 484 1288 562 possunt,
1304 496 1324 537 a
1337 494 1395 558 qua

96 545 212 636 Qu
240 596 273 652 et
287 587 392 652 emissi
406 595 502 651 sunt:
526 595 559 649 et
573 584 626 647 illa
645 585 728 648 enim
747 592 945 647 enumeratur
968 582 1000 645 in
1020 581 1205 668 pradictum
1224 598 1395 642 numerum.

79 667 226 676 —
241 690 430 776 Oportuerat
443 697 550 753 autem
565 697 597 753 et
609 687 687 751 istos
700 686 896 750 annumerari
911 686 943 749 in
960 686 1138 749 Pleromate
1153 685 1321 747 AEonum:
1344 688 1397 744 aut

240 801 273 858 et
289 792 426 857 ¹illorum
441 792 586 856 AEonum
600 790 749 855 honorem
764 789 942 874 hujusmodi
956 787 1173 874 appellationis
1188 784 1313 850 auferri.

304 896 336 959 3.
382 893 461 958 Cum
475 915 550 978 ergo
565 892 606 957 sit
629 892 731 956 soluta
750 892 872 957 illorum
891 891 1072 966 triacontas,
1087 889 1170 954 sicut
1194 885 1395 961 ostendimus,

240 1005 273 1061 et
287 996 458 1062 secuudum
473 995 505 1058 id
519 995 602 1081 quod
618 995 720 1060 miuus
730 1004 789 1071 est,
803 1003 835 1059 et
849 994 1019 1059 secundum
1033 993 1065 1056 id
1081 992 1164 1079 quod
1179 991 1251 1076 plus
1266 999 1333 1055 est:
1351 990 1396 1074 (in

241 1101 296 1165 tali
325 1100 409 1164 enim
432 1121 560 1163 numero
583 1098 611 1162 si
635 1097 704 1182 plus
726 1098 828 1175 luerit,
843 1105 899 1161 aut
920 1096 1032 1172 minus,
1054 1093 1284 1180 reprobabilem
1306 1091 1396 1156 faciet

240 1216 413 1279 numerum,
429 1210 546 1288 quanto
568 1201 669 1287 magis
683 1202 828 1279 ²tantal)
844 1199 997 1264 instabilis
1018 1199 1114 1285 igitur
1134 1220 1172 1262 ea
1195 1219 1267 1283 quae
1290 1205 1339 1260 est
1360 1195 1395 1257 de

242 1305 393 1393 Ogdoada
412 1305 560 1389 ipsorum,
583 1305 673 1370 etde
695 1305 873 1371 duodecade
895 1303 1008 1368 fabula.
1053 1301 1215 1366 instabilis
1235 1309 1344 1365 autem
1366 1306 1396 1363 et

240 1408 383 1473 universa
405 1407 525 1472 illorum
548 1407 664 1494 regula,
680 1407 747 1492 ipso
766 1408 959 1471 firmamento
981 1405 1117 1489 ipsorum
1139 1402 1293 1488 dissipato
1315 1411 1347 1466 et
1366 1401 1396 1464 in

242 1510 392 1597 Bythum,
407 1509 466 1574 hoc
481 1516 531 1573 est
549 1509 582 1572 iu
601 1509 634 1572 id
655 1510 738 1596 quod
758 1532 822 1574 nou
842 1517 901 1585 est,
924 1508 1085 1572 dissoluto.
1130 1506 1284 1586 Quaerant
1306 1505 1396 1591 igitur

238 1615 306 1699 jam
326 1634 346 1676 a
366 1611 459 1676 modo
476 1611 554 1676 alias
569 1633 681 1677 causas
696 1612 869 1687 ostendere,
885 1632 980 1697 quare
995 1631 1060 1673 xxx
1074 1629 1228 1673 annorum
1243 1606 1396 1671 Dominus

241 1717 282 1781 ad
297 1714 486 1802 baptismum
500 1715 640 1790 venerit;
664 1724 697 1780 et
712 1715 900 1781 duodecadis
915 1711 1158 1799 Apostolorum
1179 1719 1214 1776 et
1236 1712 1308 1796 ejus
1330 1731 1396 1796 qua

242 1818 404 1906 sauguinis
425 1817 610 1903 profluvium
631 1840 726 1905 passa
747 1827 817 1895 est;
841 1826 874 1884 et
894 1817 1081 1905 reliquorum
1103 1836 1302 1903 quaecuuque
1323 1834 1396 1878 vane

242 1921 420 1986 laborantes
435 1917 579 1986 delhaut.

719 2166 820 2233 cAP.
843 2164 925 2232 XV.

288 2320 475 2412 Quomodo
504 2321 640 2397 eradius
666 2323 839 2398 morienti
865 2321 1065 2399 ostoaditur
1091 2319 1240 2420 primus
1267 2347 1311 2394 or
1302 2317 1359 2393 do

624 2440 827 2516 emissionis
852 2441 1026 2540 ipsoram

304 2621 332 2680 1.
378 2616 429 2680 Er
459 2616 562 2703 ipsum
591 2617 716 2703 quidem
739 2619 874 2705 primum
900 2617 1039 2683 ordinem
1062 2617 1239 2683 emissionis
1262 2617 1443 2703 ipsorumm

242 2720 466 2806 reprobabilem
494 2741 564 2785 esse
592 2720 639 2785 sic
667 2722 872 2788 ostendimus.
925 2721 1086 2786 Emissum
1114 2721 1198 2786 enim
1223 2720 1334 2785 dicunt
1362 2720 1399 2786 de

243 2823 348 2910 Bytho
360 2831 393 2888 et
407 2822 500 2909 hujus
515 2821 641 2887 Ennoea
655 2822 731 2887 Nun
745 2833 779 2889 et
795 2824 955 2902 Alethiau,
971 2824 1054 2911 quod
1068 2824 1195 2910 quidem
1210 2823 1399 2888 contrarium

242 2927 425 2997 ostenditur.
470 2926 540 2991 Nus
555 2927 638 2991 enim
652 2937 701 2992 est
715 2928 817 3013 ipsum
829 2929 912 3014 quod
926 2936 975 2993 est
990 2926 1168 3012 principale,
1184 2935 1218 2991 et
1231 2946 1398 3002 summum,

243 3040 276 3096 et
299 3031 383 3096 velut
404 3029 599 3116 principium,
615 3040 648 3096 et
669 3031 738 3095 lons
759 3030 893 3096 universi
912 3053 1032 3097 seusus.
1069 3031 1193 3096 Ennoia
1208 3039 1317 3095 autem
1332 3051 1400 3117 quae

242 3135 300 3199 ³ab
321 3133 381 3198 hoc
403 3142 452 3198 est
473 3133 649 3219 qualialibet
670 3142 703 3199 et
724 3136 763 3198 de
785 3134 922 3220 quolibet
939 3135 1024 3200 sacta
1045 3134 1154 3200 motio.
1199 3134 1275 3199 Non
1297 3134 1401 3219 ⁴oapit

242 3236 338 3321 igitur·
361 3258 401 3300 ex
417 3236 522 3322 Bytho
536 3245 569 3300 et
585 3237 708 3302 Eunoia
723 3237 872 3302 emissum
891 3259 960 3303 esse
983 3237 1074 3302 Nun:
1097 3237 1295 3303 verisimilius
1317 3238 1400 3302 enim

243 3345 311 3401 erat
325 3337 429 3401 dicere
443 3358 507 3414 eos,
524 3338 563 3402 de
580 3339 754 3424 Propatorc
774 3349 806 3405 et
826 3340 944 3405 dehoc
968 3341 1021 3405 Nu
1042 3341 1189 3405 emissam
1210 3362 1282 3405 esse
1304 3341 1400 3405 filiam

244 3438 410 3507 Ennoiam.
457 3437 530 3504 Nou
549 3440 633 3505 enim
650 3440 773 3507 Ennoia
794 3452 893 3508 mater
914 3453 963 3508 est
978 3444 1076 3523 Noos,
1091 3443 1174 3509 sicut
1194 3444 1325 3519 dicunt;
1345 3444 1400 3508 sed
1413 3470 1440 3510 rr.

292 3601 421 3650 littorum
435 3602 551 3664 AEonaro,
565 3602 583 3663 ἢ
596 3605 635 3652 καὶ
647 3607 737 3653 τούτων
748 3607 796 3653 τῶν
844 3623 872 3654 aa
891 3609 957 3668 rapt
974 3609 1068 3656 τούτου.

244 3684 341 3742 αἰώνων,
369 3685 459 3742 ταύτης
485 3686 529 3744 τῆς
553 3687 724 3748 προσηγορίας,
752 3689 796 3744 τὴν
894 3687 978 3736 *Non
989 3688 1056 3751 capit
1067 3688 1151 3750 ipltur.
1188 3689 1273 3740 droca
1288 3690 1400 3754 phrasis,

243 3766 315 3823 τιμὴν
331 3766 493 3827 ἀφαιρεῖσθαι,
512 3766 557 3815 aie.
574 3782 602 3815 or
619 3767 670 3815 thot
686 3767 724 3816 tlte
740 3767 795 3816 Plc-
845 3784 894 3831 qao
905 3786 953 3817 non
969 3786 1026 3819 raro
1039 3770 1124 3831 aditor,
1144 3779 1171 3819 at
1184 3773 1264 3834 puato
1278 3781 1349 3835 post:
1367 3773 1402 3822 Et

242 3861 312 3894 romo
329 3845 417 3894 slordd
433 3847 460 3896 bc
477 3847 592 3911 deprived
608 3848 639 3911 of
651 3849 689 3898 the
703 3848 797 3897 torem
844 3850 898 3898 haeo
920 3852 1020 3914 quidem
1041 3853 1068 3901 in
1090 3854 1232 3902 hominibus
1252 3855 1320 3919 capit
1342 3856 1399 3905 dici.

243 3928 274 3991 of
287 3928 325 3976 tte
343 3929 420 3977 AEons
438 3929 468 3992 of
480 3929 530 3978 this
544 3930 730 3992 maiomam,
751 3931 794 3980 cia.
847 3932 934 3980 Crebro
953 3950 1051 3997 qaoque,
1072 3934 1116 3997 qai
1134 3943 1200 3983 adro
1218 3937 1403 3986 eontrmerriorn

242 4008 273 4071 of
285 4009 323 4058 tho
337 4009 433 4059 Tetrad.
845 4013 934 4063 Latine
948 4015 1053 4078 scripsit,
1073 4016 1239 4066 Tertullianus
1254 4019 1352 4067 meum
1370 4021 1404 4068 ἐν·

291 4089 303 4121 ²
320 4091 408 4153 Torua,
422 4093 517 4152 τοσάδε,
533 4107 561 4140 so
577 4107 654 4156 many
665 4093 715 4141 and
726 4096 797 4156 great
846 4097 944 4156 δέχεται
965 4096 1000 4144 sic
1018 4096 1137 4158 licitatur,
1158 4105 1185 4145 nt
1204 4098 1249 4148 tio.
1268 4099 1298 4148 dr
1315 4100 1403 4149 Rosos·-

242 4173 387 4222 variatious.
845 4178 946 4226 rectione
963 4179 1065 4235 carnin
1087 4179 1129 4229 lit.
1146 4195 1166 4240 1,
1189 4194 1212 4242 3,
1233 4188 1255 4229 et
1272 4194 1296 4243 5,
1319 4189 1404 4230 contro

291 4252 303 4285 ⁸
320 4254 380 4303 Cod.
398 4255 497 4304 Cannu.
519 4253 560 4314 od,
581 4271 608 4303 ns
621 4254 673 4303 also
688 4257 795 4306 ABUND.
846 4258 1013 4310 Marcionem:
1031 4262 1127 4326 Corpus
1140 4262 1248 4312 animale
1261 4264 1330 4329 capit
1343 4264 1400 4323 dici,

243 4335 293 4383 and
304 4335 393 4395 Voss„
404 4337 451 4385 but
461 4336 556 4384 Garun
567 4337 612 4385 has
623 4337 653 4385 ab
665 4337 714 4385 boc.
744 4338 798 4387 Tne
847 4342 925 4403 idest,
937 4343 1024 4406 recipit
1040 4344 1104 4393 burro
1121 4345 1336 4407 norrrenclotarcm,
1349 4346 1403 4408 dio

243 4417 379 4468 translator
394 4434 453 4486 may
467 4419 532 4469 have
546 4419 606 4470 read
620 4420 687 4481 rapt
704 4421 796 4485 τοῦτον,
848 4434 906 4468 oram
917 4429 949 4470 rat
960 4422 1003 4471 tor
1013 4423 1117 4472 romine.
1136 4423 1257 4474 Fncann.
