2954 4986
243 333 310 398 266
630 348 814 402 Pmnoma
838 348 916 402 NON
943 348 1011 401 EST

78 523 139 609 223,
142 523 178 609 ¹1¹1
181 525 232 610 'a'
310 506 340 567 2.
387 501 529 567 Ovanae
552 502 660 589 gloriae
685 502 795 584 honor,
817 502 870 590 qui
892 502 1001 567 statim
1024 502 1173 588 praeterit,
1197 502 1263 567 ει
1248 523 1318 588 Jam
1338 522 1399 565 non

94 619 213 704 ⁸25⁸,st
243 607 385 690 apparet!
432 603 504 668 Erit
524 603 636 691 aliquis
657 605 784 683 AEon,
774 626 809 669 ιιι
830 627 892 692 quo
914 604 947 668 in
968 613 1072 669 totum
1089 603 1162 669 talia
1184 604 1286 668 honor
1305 603 1399 668 fuisse

82 739 138 746 -—
197 742 221 748 ·—
243 728 307 771 non
329 707 531 794 reputabitur,
547 715 580 772 et
600 706 784 771 inhonorata
803 715 895 772 erunt
915 716 990 772 tunc
1005 729 1074 793 quae
1088 715 1164 772 sunt
1177 727 1321 770 sursum:
1345 713 1399 770 ant

243 807 337 872 aliam
351 809 463 873 iterum
479 829 605 873 necesse
612 807 670 872 erit
682 808 820 873 Matrem
830 808 972 873 emittere
980 807 1165 894 plorantem,
1176 815 1209 871 et
1215 806 1398 891 apol-iatam,

243 911 440 977 inhonorem
456 912 653 978 Pleromatis.
682 912 710 977 0
726 911 926 990 indissimilis,
937 911 1030 976 simul
1040 919 1147 976 autem
1161 919 1195 976 et
1208 909 1397 994 blasphemae

243 1015 408 1102 imaginis!
440 1016 633 1103 ¹lmaginem
650 1015 726 1080 mihi
746 1016 850 1081 dicitis
866 1016 1013 1082 emissam
1033 1038 1054 1081 a
1069 1014 1195 1079 ²mundi
1212 1013 1398 1078 fabricatore

245 1118 421 1207 Unigeniti,
437 1141 530 1206 quem
543 1126 576 1184 at
600 1119 675 1184 Nun
689 1118 782 1184 vultis
796 1139 866 1184 ease
880 1119 987 1183 Patris
1002 1119 1226 1196 universorum,
1242 1124 1276 1182 et
1290 1115 1398 1202 imagi-

242 1243 315 1286 nem
332 1222 413 1287 hanc
432 1222 576 1309 ignorare
593 1221 717 1309 quidem
738 1220 960 1308 semetipsam
984 1220 1126 1308 ignorare
1145 1228 1254 1284 autem
1273 1227 1307 1284 et
1328 1240 1398 1284 enn-

242 1325 402 1403 ditionem,
426 1325 569 1411 ignorare
594 1333 700 1391 autern
723 1333 756 1390 et
781 1325 931 1404 Matrem,
952 1333 986 1390 et
1009 1347 1101 1390 omne
1122 1323 1331 1413 quodcunque
1351 1331 1398 1388 est

242 1450 350 1494 eorum
365 1450 435 1516 quae
449 1437 533 1508 sunt,
549 1437 703 1494 eteorum
717 1449 787 1515 quae
801 1428 842 1493 ab
857 1450 895 1493 eo
909 1428 994 1494 facta
1015 1439 1108 1493 sunt:
1132 1436 1166 1492 et
1187 1448 1252 1493 non
1275 1427 1397 1492 erubee

242 1531 313 1597 citis
327 1530 492 1597 ³adversus
506 1553 561 1596 vos
581 1531 666 1617 ipsos
686 1530 895 1618 ignorantiam
910 1530 1093 1597 inducentes
1113 1552 1213 1618 usque
1234 1529 1277 1593 ad
1298 1529 1396 1615 ipsum

244 1635 465 1724 Monogenenl
511 1635 546 1702 Si
567 1635 650 1700 enim
671 1635 843 1701 secundum
862 1633 1097 1700 similitudinem
1117 1655 1226 1699 eornm
1241 1654 1312 1720 quae
1326 1641 1396 1697 sunt

241 1761 374 1818 sursum,
387 1762 407 1804 a
422 1739 680 1804 Salvatorefacta
694 1747 767 1803 sunt
781 1737 859 1816 haec,
875 1737 1038 1824 ignorante
1058 1760 1096 1803 eo
1110 1744 1201 1802 tanta
1216 1737 1272 1822 qui
1291 1757 1395 1801 secun·

241 1844 316 1909 dum
330 1843 564 1909 similitudinem
577 1842 679 1908 iaetus
692 1850 751 1921 est,
761 1863 888 1908 necesse
897 1849 946 1906 eat
960 1850 994 1907 et
1008 1842 1091 1908 circa
1101 1863 1175 1907 eum
1183 1849 1217 1906 et
1227 1840 1395 1906 secundnm

241 1967 322 2024 enm,
338 1946 379 2011 ad
393 1946 482 2030 cujus
501 1944 734 2010 similitudinem
756 1944 858 2009 fact-ns
879 1942 973 2009 estis
995 1943 1047 2031 qui
1069 1943 1204 2030 ignorat,
1221 1941 1395 2029 hujusmodi

240 2048 448 2136 ignorantiam
472 2048 621 2114 exsistere
644 2047 834 2134 spiritaliter.
879 2047 952 2113 Non
971 2048 1055 2113 enim
1069 2047 1217 2133 possibile
1243 2055 1303 2124 est,
1328 2067 1394 2110 cnm

239 2152 304 2219 sint
324 2152 448 2240 utrique
469 2151 647 2240 spiritaliter
670 2151 786 2230 emissi,
810 2173 911 2239 neque
932 2150 1077 2239 plasmati
1098 2172 1199 2239 neque
1222 2149 1393 2238 compositi,

287 2429 367 2478 ¹The
383 2428 587 2479 Sariourissaid
603 2429 689 2488 above,
709 2441 788 2492 με,
839 2443 894 2477 aem
911 2427 1064 2479 conditionis.
1095 2440 1136 2478 111.
1152 2429 1187 2478 xi.
1203 2444 1227 2478 a.
1262 2429 1343 2478 There
1356 2445 1394 2477 are

236 2515 265 2559 to
281 2511 345 2559 have
364 2511 460 2559 formed
481 2526 498 2558 a
518 2514 679 2574 counterpart
699 2514 727 2558 to
748 2509 792 2558 tha
839 2514 985 2558 statemente
996 2510 1023 2558 in
1030 2509 1123 2569 Pano,
1133 2510 1191 2558 that
1201 2511 1280 2559 stand
1290 2510 1393 2574 midvay

236 2592 331 2640 several
347 2592 428 2640 AEone
445 2592 479 2655 by
493 2608 579 2640 means
596 2592 625 2640 of
638 2591 790 2651 Achamoth,
839 2590 950 2641 between
961 2592 1006 2641 the
1016 2591 1132 2640 Pletonic
1147 2591 1198 2640 and
1209 2592 1317 2642 Gnostic
1330 2594 1392 2641 theo

236 2677 282 2735 τὴν
298 2677 347 2736 γὰρ
358 2676 504 2733 Ἐνθόμησιν
521 2677 613 2735 ταύτην
631 2675 792 2738 βουληθεῖσαν
839 2672 894 2732 ries,
908 2672 1008 2721 derived
1019 2673 1083 2721 from
1094 2673 1138 2721 the
1152 2673 1208 2721 first
1221 2674 1269 2722 but
1284 2674 1328 2722 the
1344 2690 1392 2739 pre

237 2756 270 2804 ele
280 2757 352 2812 τιμὴν
362 2757 411 2802 τῶν
422 2756 519 2802 Λιώνων
533 2758 565 2803 τό
582 2758 663 2803 πόντα
679 2758 787 2816 ποιῆσαι,
839 2770 936 2803 cureors
950 2755 980 2804 of
993 2756 1036 2804 the
1053 2755 1136 2804 latter.
1170 2755 1225 2803 The
1245 2756 1333 2804 render
1346 2755 1391 2804 will

236 2836 326 2884 εἰκόνας
342 2836 441 2895 λέγουσι
457 2837 611 2895 πεποιηκέναι
627 2839 712 2897 adroic,
730 2837 793 2895 μᾶλ·
839 2842 905 2884 ιιιεει
916 2837 977 2884 with
987 2853 1064 2900 many
1075 2837 1137 2885 such
1150 2837 1176 2884 in
1187 2837 1233 2885 the
1244 2853 1392 2886 commence-

235 2921 280 2967 λον
304 2919 329 2966 όὲ
352 2918 394 2966 τόν
418 2918 523 2979 Σωτῆρα
550 2917 581 2966 δι’
607 2920 689 2977 αὐτῆς.
737 2918 791 2967 The
838 2924 908 2967 ment
924 2919 953 2967 oi
965 2918 1128 2968 theheatise
1145 2936 1173 2968 π.
1187 2936 1211 2968 τ.
1229 2921 1389 2977 normales.

235 2999 342 3049 likeness
364 2999 393 3048 of
416 2999 460 3048 the
483 2999 597 3048 invisible
620 3000 714 3048 Father
738 3015 789 3049 was
838 3015 885 3063 ep.
897 3001 951 3050 The
961 3001 1057 3050 Jewish
1068 3001 1228 3065 philosopher
1243 3003 1315 3051 there
1329 3019 1391 3052 com-

235 3081 366 3146 preserved
387 3082 421 3146 by
443 3082 594 3141 Achamoth,
620 3083 667 3131 bnt
688 3083 745 3131 that
764 3084 793 3131 of
838 3098 909 3147 pares
923 3083 1048 3132 theworlr
1063 3083 1092 3130 of
1106 3083 1218 3131 creation
1236 3088 1264 3131 to
1281 3086 1326 3133 the
1342 3100 1391 3132 exe

234 3160 278 3209 the
290 3161 349 3225 only
360 3160 478 3224 begotten
497 3159 547 3209 Son
563 3159 599 3223 (N
602 3160 639 3222 tls)
653 3161 687 3224 by
705 3159 789 3208 Demi·
837 3165 923 3213 cution
934 3165 963 3213 of
970 3181 1037 3214 some
1048 3164 1118 3229 royal
1132 3165 1311 3215 archiwctnral
1326 3167 1389 3231 plan,

234 3258 304 3306 urge
837 3245 887 3294 and
898 3260 963 3310 says,
977 3247 1086 3307 καθάπερ
1100 3247 1140 3294 οὖν
1158 3245 1174 3304 ἡ
1190 3247 1217 3294 ἐν
1233 3249 1270 3307 τοι
1284 3248 1390 3308 όρχιτικ

283 3322 295 3354 ²
310 3324 362 3372 'l'he
372 3324 478 3374 Sariom
489 3341 539 3373 was
550 3325 594 3374 the
604 3323 697 3374 virtus-l
707 3323 789 3388 origin
836 3345 922 3389 πονικῳ
909 3329 1157 3391 προδιαπνπωθεῖσιι
1168 3327 1246 3388 πόλις,
1261 3331 1307 3388 rip
1315 3332 1393 3393 χώραν

234 3403 318 3452 nithe
337 3404 460 3464 Creation,
480 3421 507 3453 aa
525 3406 619 3469 having
636 3405 726 3454 caused
745 3405 788 3453 tbe
837 3410 904 3458 ἐκτός
926 3411 969 3459 οὐκ
991 3410 1063 3471 εἶχεν,
1084 3408 1137 3457 ἀλλ’
1161 3411 1343 3473 stuppam
1363 3414 1393 3473 τῇ

233 3486 386 3547 καρποφορόα
413 3486 442 3533 of
467 3486 618 3547 Achamoth,
648 3489 687 3536 διὰ
715 3504 788 3535 ποντα
836 3508 880 3539 που
868 3493 1001 3552 τεχνίτου
1016 3493 1091 3553 ψυχῇ,
1106 3493 1147 3539 τόν
1159 3494 1233 3541 αὐτόν
1247 3495 1338 3556 τρόπον
1349 3493 1393 3543 οὐδ’

234 3567 331 3625 όυνόμει
361 3567 403 3615 τόν
431 3568 535 3628 Σωτῆρα
563 3569 787 3630 όεόημιουργηκόναι
837 3575 850 3623 ὁ
872 3575 899 3622 ἐκ
920 3575 968 3622 τῶν
989 3575 1058 3622 liceis
1079 3575 1167 3633 κόσμος
1189 3576 1268 3624 ἄλλον
1292 3577 1321 3625 όν
1343 3579 1392 3638 ἔχοι

233 3648 361 3707 φάσκουσι.
379 3663 404 3711 p.
418 3661 458 3708 41.
494 3647 536 3696 He
553 3647 653 3697 deviaed
670 3649 713 3698 the
727 3650 786 3712 plan
836 3656 918 3716 τόπον,
936 3654 954 3715 ἢ
972 3654 1014 3704 τόν
1031 3657 1094 3704 όιῖον
1110 3656 1184 3716 λόγον
1201 3654 1245 3705 τόν
1255 3659 1337 3707 ταῦτα
1347 3661 1392 3707 όιιι·

231 3731 347 3795 whereby
358 3732 391 3780 all
402 3733 487 3796 things
496 3748 559 3780 were
570 3733 677 3792 created,
689 3733 786 3795 though
836 3739 1000 3796 κοσμήσαντα.
1042 3737 1134 3801 Again,
1165 3739 1233 3786 οὐδὲν
1261 3740 1292 3787 ds
1315 3741 1393 3802 ἕτερον

231 3812 275 3860 the
303 3812 440 3876 Demiurge
467 3815 587 3862 executed
617 3815 646 3862 it.
698 3814 786 3862 Hence
836 3820 899 3867 eleros
920 3820 963 3866 τόν
984 3817 1069 3878 νοητόν
1091 3820 1150 3867 εἶναι
1173 3821 1272 3881 κόσμον,
1299 3820 1392 3880 ἢθιοῦ

232 3892 348 3942 Satanan
359 3895 467 3960 scarcely
473 3895 542 3958 gives
553 3912 568 3943 a
579 3900 674 3943 correct
681 3900 786 3943 account
835 3901 909 3961 λόγον
930 3902 976 3960 ἤδη
994 3903 1201 3962 κοσμοποιοῦντοι,
1228 3903 1280 3951 and
1299 3904 1392 3967 shortly

230 3973 259 4021 of
272 3973 316 4022 the
326 3973 488 4024 Valentinian
504 3991 655 4039 cosmogony
670 3975 740 4024 when
753 3975 786 4023 he
834 3981 986 4042 afterwards,
1016 3983 1088 4042 δῆλον
1109 3984 1136 4031 δὲ
1157 3983 1196 4031 ότι
1218 3984 1235 4042 ἡ
1258 3985 1392 4047 ἀρχέτυπον

229 4070 286 4119 says
303 4056 332 4104 of
345 4057 388 4105 the
406 4057 518 4116 Savionr,
540 4057 588 4115 Qui
605 4055 690 4105 insciis
704 4054 785 4104 Acla-
835 4065 948 4125 σφραγὶς,
969 4065 995 4112 όν
1013 4071 1092 4125 φαμεν
1111 4065 1171 4113 εἶναι
1190 4065 1283 4124 κόσμον
1301 4064 1389 4125 νοητόν,

228 4136 293 4186 moll
308 4145 329 4186 ιι
339 4138 474 4201 Daniuryo
491 4138 616 4188 universae
632 4153 670 4187 ree
686 4138 782 4188 ονιαοίι.
835 4144 906 4194 αὐτὸς
924 4145 953 4193 όν
968 4147 1005 4204 ειη
1022 4144 1051 4195 τό
1068 4146 1206 4207 ἀρχέτυπον
1226 4149 1387 4210 παράδειγμα,

228 4227 276 4270 ποι,
301 4221 330 4268 in
353 4221 395 4269 loc.
441 4220 494 4269 The
520 4224 627 4269 account
652 4220 728 4282 given
750 4220 785 4284 by
834 4227 886 4275 toea
909 4228 958 4274 τῶν
982 4229 1056 4288 ἰδεῶν,
1082 4228 1095 4277 ό
1119 4229 1181 4276 θεοῦ
1206 4231 1290 4291 λόγος.
1341 4231 1389 4279 The

228 4300 394 4361 humectis,
408 4301 459 4352 Hic
469 4305 533 4351 mim
543 4301 783 4364 ομπιιόαιανιίιαὶόὶ·
834 4307 948 4357 Philonic
965 4309 1038 4370 λόγος
1056 4310 1178 4359 therefore
1201 4328 1255 4362 was
1278 4330 1295 4363 a
1316 4314 1388 4363 closer

226 4382 325 4431 tedium
335 4382 394 4432 talea
403 4383 469 4444 fleri,
483 4384 518 4432 αιι
533 4383 690 4431 imitationem
701 4399 784 4432 eorum
833 4389 935 4454 parallel
957 4397 984 4439 to
1005 4391 1048 4441 the
1069 4393 1168 4454 gnostic
1190 4393 1312 4456 pleroma,
1330 4397 1387 4445 than

226 4478 279 4525 qua
288 4471 345 4512 ιιιαι
355 4481 461 4526 aarum,
469 4467 671 4528 quenadmodum
682 4467 784 4526 dicum
832 4475 859 4522 to
870 4474 994 4537 anything
1004 4475 1030 4522 in
1042 4474 1084 4523 tha
1096 4474 1225 4524 Christian
1236 4477 1370 4543 Theology.

219 4543 373 4613 Dasium
390 4555 471 4603 αιιιιιιι
490 4548 628 4616 perficiebat
643 4548 784 4613 fabricat-io·
881 4551 893 4584 ³
910 4555 954 4612 τὴν
965 4555 1020 4602 καθ’
1032 4555 1091 4613 ὑμᾶς
1102 4556 1201 4618 cmlv
1213 4559 1358 4622 ειοόγοηιι.
