2954 4986
250 351 294 423 76
702 368 952 422 amamus

181 548 185 556 .
271 532 280 555 s
326 541 337 553 ιι
411 529 419 555 ι
498 535 512 549 ¹⁴
563 531 578 557 εν
702 531 710 554 ι
894 528 936 558 sa
1008 525 1017 550 ι
1082 524 1090 551 ι
1254 527 1262 552 ι
1396 530 1403 551 ι

92 548 230 587 1⁴1³·¹·¹·¹⁸·
252 561 353 600 ειπειν
382 562 442 611 την
467 562 534 601 των
558 537 644 600 ολιον
667 557 804 619 γενεσιν,
829 533 893 599 καθ
923 561 958 610 ην
977 560 1022 597 τα
1043 558 1154 598 ταντα
1175 528 1370 624 προεβαλεν
1388 561 1407 597 o

94 595 139 634 GR.
150 595 165 631 l.
176 595 189 630 l.
201 596 228 632 lss

88 640 238 724 '‘Assgflffl·
254 642 387 740 Πατὴρ,
408 642 514 740 ἀρχήν
534 674 609 713 τινα
630 643 828 713 ὑποτίθεται
855 640 899 712 τὸ
929 646 1065 740 πρῶτον
1086 637 1242 731 γεννηθὲν
1263 637 1328 709 ὑπὸ
1346 645 1408 710 7οῦ

92 764 238 773 “’-“
252 755 348 838 θεοῦ,
369 753 407 823 όν
425 749 485 859 [b]
505 753 543 835 (li
565 755 619 824 rel
645 753 726 824 Υἶὸν
749 753 929 846 Μονογενῆ
952 753 1006 822 καὶ
1031 751 1117 823 θεὸν
1142 753 1304 835 κέκληκεν,
1325 753 1357 821 ἐν
1382 752 1405 840 ᾧ

251 865 296 937 τὸ
315 863 425 938 πάντα
447 869 465 937 ὁ
486 866 610 965 Πατὴρ
623 867 817 965 ιπροέβαλε
838 870 1081 964 σπερματικῶς.
1119 863 1208 934 Ὑπὸ
1228 862 1263 933 δέ
1281 865 1471 935 rodrocus.

252 979 338 1078 φησι
362 976 423 1050 τὸν
448 976 569 1070 Λόγον
593 980 868 1077 προβεβλῆσθαι,
895 978 947 1048 καὶ
972 979 1005 1047 έν
1028 978 1116 1066 αὐτῷ
1138 977 1198 1058 τὸν
1220 979 1302 1058 ὅλην
1320 982 1405 1047 ατῶν

251 1091 385 1161 Αῖώνινν
406 1091 526 1174 οὐσίαν,
546 1093 584 1173 ἣν
602 1090 699 1167 αὐτὸς
717 1089 859 1188 ὕστερον
876 1091 1071 1188 ἐμόρφωσεν
1090 1092 1108 1160 ὁ
1128 1087 1257 1180 Λόγος.
1302 1088 1403 1158 Ἐπεὶ

253 1201 306 1273 οὖν
336 1203 412 1302 περὶ
444 1202 577 1302 πραότης
610 1204 765 1293 γενέσεως
803 1204 905 1294 λέγει,
943 1207 1049 1278 καλῶς
1086 1199 1154 1272 ἀπὸ
1193 1210 1252 1283 τῆς
1289 1200 1401 1298 ἀρχῆς,

251 1317 411 1387 τουτέστι
430 1321 492 1386 τοῦ
509 1315 616 1384 3Θεοῦ
635 1316 688 1384 καὶ
706 1320 769 1386 τοῦ
784 1313 914 1406 Λόγου,
933 1316 992 1397 τὴν
1008 1312 1224 1385 διδασκαλίαν
1244 1325 1402 1384 ποιεῖται·

251 1429 343 1518 λέγει
372 1425 406 1496 δέ
433 1422 542 1504 οὕτως·
583 1427 644 1496 Ἐν
662 1427 751 1525 ἄρχῃ
771 1425 807 1509 ἢν
827 1429 845 1497 ὁ
864 1427 992 1517 Λόγος,
1013 1428 1066 1496 καὶ
1087 1429 1105 1497 ὁ
1125 1424 1245 1517 Λόγος
1265 1424 1302 1508 ἦν
1321 1425 1403 1524 πρὸς

251 1540 312 1610 τὸν
331 1538 424 1623 Θεὸν,
443 1541 496 1609 καὶ
517 1538 601 1616 Θεὸς
624 1539 660 1622 ἧν
678 1543 696 1609 ὁ
716 1538 845 1630 Λόγος·
874 1542 968 1616 οὗτος
996 1540 1031 1620 ἧν
1057 1541 1089 1608 έν
1118 1539 1207 1637 ἀρχῇ
1234 1538 1319 1636 πρὸς
1345 1538 1403 1609 τὸν

253 1653 349 1723 θεόν.
393 1652 572 1751 Πρότερον
595 1650 787 1727 διαστείλας
810 1650 854 1722 τὸ
879 1652 967 1750 τρία,
992 1650 1085 1735 θεὸν,
1111 1652 1164 1721 καὶ
1188 1650 1328 1749 Ἀρχὴν,
1352 1652 1403 1721 καὶ

252 1909 372 1974 iactum
394 1917 443 1974 est
465 1931 485 1973 a
504 1908 597 1973 Deo:
627 1909 711 1994 quod
732 1909 848 1973 ⁴etiam
872 1908 946 1972 Nun
964 1917 1056 1973 voest
1080 1915 1114 1972 et
1136 1907 1254 1971 filium:
1281 1913 1316 1970 et
1338 1907 1406 1970 uni·

251 2009 395 2100 genitum
413 2009 539 2071 Domini
557 2016 659 2081 vocat,
675 2009 707 2071 in
726 2031 788 2093 quo
806 2010 912 2073 omnia
932 2011 1028 2073 Pater
1044 2007 1216 2092 ⁶praemisit
1237 2002 1311 2096 [lay
1330 2007 1405 2070 emi-

252 2104 313 2196 sit]
334 2107 539 2175 seminaliter.
585 2109 635 2172 Ab
652 2108 712 2172 λοο
735 2116 842 2172 autem
869 2109 959 2173 siunt
978 2107 1121 2172 Verbum
1144 2106 1303 2180 emissum,
1322 2114 1357 2171 et
1374 2106 1405 2169 in

253 2229 290 2270 eo
313 2229 438 2272 omnem
464 2208 604 2271 AEouum
629 2208 850 2282 substantiam,
875 2231 970 2293 quam
993 2208 1095 2292 ipsum
1120 2213 1232 2291 postea
1257 2205 1406 2270 formavit

253 2305 407 2372 Verbum.
458 2307 617 2382 Quoniam
639 2306 738 2392 igitur
761 2308 801 2370 de
824 2308 926 2392 prima
942 2307 1050 2392 genesi
1073 2306 1161 2384 dicit,
1185 2307 1266 2370 bene
1284 2327 1305 2369 a
1319 2305 1406 2390 prin-

253 2407 344 2491 cipio,
363 2409 422 2471 hoc
446 2414 496 2471 οιι
515 2429 535 2470 a
553 2406 646 2481 Filio,
663 2416 696 2470 et
715 2406 825 2470 Verbo
847 2408 1025 2471 doctrinam
1049 2405 1135 2470 l'acit.
1188 2405 1279 2469 Dicit
1299 2413 1409 2469 autem

252 2507 318 2571 sic:
346 2509 390 2571 Ia
408 2507 569 2592 principio
591 2516 658 2569 eret
683 2507 820 2583 Verbum,
847 2516 874 2571 et
897 2505 1021 2570 Verbum
1043 2519 1112 2569 erut
1135 2505 1223 2591 apud
1243 2506 1357 2584 Deum,
1381 2512 1408 2568 οι

252 2607 337 2670 Deus
361 2618 428 2671 eret
458 2604 603 2670 Verbum:
628 2607 682 2669 Ιιοο
706 2616 773 2669 ενοι
799 2607 833 2670 ia
852 2607 1011 2691 principio
1036 2609 1123 2690 opud
1147 2605 1257 2670 Deum.
1315 2604 1409 2668 Prius

253 2705 450 2792 distinguens
476 2705 508 2769 in
534 2704 608 2780 tria,
637 2703 751 2780 Deum,
779 2714 812 2770 st
840 2706 1046 2791 Principium,
1066 2712 1099 2769 ει
1118 2703 1276 2782 Verbum,
1293 2704 1409 2768 iterum

303 2952 312 2983 ¹
330 2954 367 3000 As
380 2953 514 3000 Nsnnnsa
532 2968 657 3015 expresses
667 2953 695 3011 it,
709 2969 733 3015 p.
751 2967 802 3011 101,
857 2956 897 3001 rol
910 2956 959 3001 Νῦν
970 2956 1010 3002 και
1021 2955 1075 3001 Τιόν
1084 2953 1123 3000 καὶ
1134 2953 1252 3011 μονογενῆ
1263 2952 1318 2998 θεοῦ
1326 2952 1407 3007 κέκλη

254 3031 282 3082 ia
293 3035 400 3082 ιοοόοΙιιιιι
418 3034 461 3082 der
486 3034 556 3082 Vuter
573 3032 640 3082 ame
657 3033 711 3081 dem
722 3033 807 3081 Keime
857 3049 903 3080 κεν.
943 3032 995 3080 The
1013 3031 1114 3079 Didusr.
1131 3029 1172 3079 Or.
1186 3029 1308 3077 indicates
1325 3044 1406 3087 μονογ·

255 3115 318 3163 nuel
333 3132 378 3162 αιιι
392 3115 444 3163 siclt
462 3122 579 3175 streugam
596 3115 642 3162 but
655 3114 698 3162 tho
715 3115 806 3162 author
858 3114 898 3171 ενῆ
915 3114 967 3160 θεόν
984 3117 1011 3160 ta
1028 3113 1058 3159 be
1076 3111 1119 3159 the
1135 3115 1191 3158 trus
1205 3109 1319 3172 reading,
1335 3111 1408 3169 ἀρχὴν

254 3195 276 3242 is
299 3195 421 3257 speaking
442 3193 470 3240 οι
489 3194 531 3240 ιλο
553 3192 667 3256 spiritual
689 3192 753 3251 seed,
778 3209 806 3239 or
857 3195 906 3254 γὰρ
923 3194 964 3240 τόν
981 3194 1106 3251 Μονογενῆ
1125 3193 1233 3258 λέγουσι,
1254 3192 1282 3238 όν
1298 3193 1338 3237 καὶ
1359 3190 1408 3237 θεὸν

254 3277 348 3335 γνῶσις,
363 3276 405 3322 the
422 3274 577 3321 substantive
593 3274 634 3321 lise
650 3274 679 3320 of
692 3275 735 3322 tho
751 3274 804 3321 Ple·

255 3372 331 3413 roma,
346 3371 385 3402 see
397 3361 454 3401 note
463 3369 481 3411 ι,
491 3370 515 3416 p.
523 3367 535 3412 5
540 3367 561 3412 3,
567 3355 651 3401 rather
657 3356 718 3401 than
726 3356 754 3402 of
762 3355 806 3402 the

255 3437 311 3484 seed
324 3437 351 3483 of
364 3437 398 3483 all
409 3435 506 3483 created
518 3435 657 3481 substance.
687 3435 739 3482 The
751 3436 805 3483 Plo·

255 3533 324 3565 roma
335 3533 385 3563 was
397 3517 439 3563 the
450 3514 514 3562 ideal
523 3514 551 3561 of
559 3515 602 3561 the
612 3514 731 3562 universe.
753 3515 805 3563 The

256 3598 341 3646 reader
348 3598 397 3644 will
406 3597 468 3644 have
480 3595 609 3642 remarked
618 3594 674 3641 that
682 3595 725 3643 the
736 3595 805 3658 high·

255 3681 293 3724 est
301 3675 349 3738 gift
360 3675 416 3722 that
423 3673 491 3720 AEou
503 3688 531 3720 or
542 3672 640 3720 created
648 3672 723 3735 being
733 3674 806 3721 could

255 3755 349 3802 receive
360 3769 410 3800 was
421 3753 478 3801 that
492 3753 614 3813 μόρφωσις
630 3753 693 3798 κατὰ
707 3753 803 3812 γνῶσιν,

255 3835 312 3883 that
323 3850 373 3882 was
385 3833 485 3882 derived
495 3833 604 3895 through
617 3833 679 3880 Νοῦς
690 3848 718 3879 or
729 3834 804 3881 Μονο-

255 3919 325 3977 γενης
336 3917 399 3963 from
411 3915 516 3978 Bythos,
531 3931 558 3962 as
570 3931 585 3961 a
596 3914 710 3977 spiritual
722 3915 786 3962 seed.

304 3996 315 4027 ²
333 3999 383 4044 Kal
395 3999 407 4046 ό
418 4000 461 4055 μὲν
471 3999 551 4056 μείνας
567 3999 695 4056 μονογενὴς
707 3999 761 4045 Τὶός
775 4000 806 4046 εἰς

255 4080 299 4128 τόν
311 4081 400 4128 κόλπον
411 4081 454 4127 τοῦ
466 4080 561 4140 Πατρός
572 4080 616 4137 τὴν
628 4080 753 4136 ἐνθύμησιν
768 4081 807 4126 διὰ

256 4163 299 4221 τῆς
321 4164 431 4222 γνώσεως
454 4163 575 4221 ἐξηγεῖται
597 4161 646 4207 τοῖς
665 4161 754 4219 αἰῶσιν,
777 4160 807 4208 ὡς

257 4244 285 4291 όν
303 4245 342 4290 καὶ
363 4242 409 4290 ὑπὸ
431 4245 475 4290 τοῦ
492 4244 584 4290 κόλπου
607 4243 680 4288 umori
700 4243 806 4301 προβλη-

256 4327 310 4373 asu.
330 4324 431 4372 Didusr.
445 4324 485 4372 Or.
499 4323 512 4379 ἓ
524 4336 545 4384 7.

304 4413 315 4444 ³
331 4415 383 4462 Τλο
395 4415 528 4462 translator
538 4413 607 4475 gives
619 4412 661 4459 the
672 4426 803 4474 synonym,

255 4495 324 4554 Filii,
338 4496 372 4558 by
384 4510 439 4558 way
450 4495 480 4541 of
493 4495 567 4557 gloss.

304 4585 315 4614 ⁴
331 4585 383 4632 The
394 4583 529 4633 translator
539 4581 665 4646 evidently
678 4581 737 4630 read
753 4584 807 4642 όόη

858 3276 1086 3335 προσαγορεύεσθαι,
1112 3272 1142 3320 ὡς
1170 3273 1210 3318 καὶ
1236 3272 1261 3318 ἐν
1288 3272 1337 3319 τοῖς
1359 3270 1408 3328 ἐξῆν

858 3357 965 3416 ἄντικρυς
983 3358 1035 3403 θεόν
1050 3356 1121 3402 αὐτόν
1132 3354 1203 3411 δηλοῖ
1216 3354 1303 3413 λέγων,
1318 3353 1331 3400 ό
1345 3368 1407 3409 μονο-

857 3453 927 3510 γενὴς
944 3452 995 3498 θεός
1011 3451 1077 3513 (Syr.
1092 3451 1145 3496 θεοῦ
1161 3413 1270 3507 δώ
1285 3415 1407 3519 laram)

858 3529 871 3576 ὁ
889 3528 921 3574 ιόν
939 3529 970 3575 εἰς
987 3529 1028 3574 τόν
1046 3528 1135 3573 κόλπον
1152 3527 1196 3573 τοῦ
1212 3527 1309 3586 Πατρός
1327 3525 1409 3572 ἐκεῖνος

858 3611 1003 3668 ἐξηγήσατο.
1027 3609 1072 3655 Τόν
1083 3609 1109 3655 δὲ
1116 3607 1197 3667 Λόγον
1208 3607 1249 3653 τόν
1262 3607 1286 3653 ἐν
1294 3607 1327 3666 τῇ
1339 3606 1406 3666 ἀρχῇ,

857 3691 942 3737 τοῦτον
953 3691 994 3737 τόν
1006 3690 1030 3736 έν
1042 3689 1077 3747 τῷ
1091 3687 1220 3746 μονογενεῖ,
1238 3687 1264 3733 ἐν
1279 3687 1315 3744 τῷ
1328 3683 1362 3745 aa]
1373 3685 1408 3732 rol

858 3773 890 3831 τῇ
901 3771 1001 3830 ἀληθείᾳ
1013 3771 1094 3828 μηνύει
1106 3770 1147 3816 τόν
1158 3768 1266 3828 Χριστόν
1280 3768 1324 3814 τόν
1339 3767 1409 3826 λόγον

858 3853 898 3898 καὶ
920 3853 964 3908 τὴν
986 3853 1054 3909 ζωήν
1085 3851 1138 3897 όθεν
1161 3849 1257 3897 εἰκότως
1278 3851 1319 3896 καὶ
1342 3847 1409 3895 αὐτόν

858 3931 933 3989 λέγει,
949 3929 990 3976 τόν
1002 3931 1026 3976 ἐν
1037 3929 1073 3988 τῷ
1083 3929 1136 3987 θεῷ
1146 3927 1182 3986 τῷ
1193 3927 1214 3972 Ν
1217 3927 1236 3985 ᾧ
1247 3928 1315 3974 ὄντα.
1336 3925 1349 3982 ξ
1360 3922 1383 3973 6.

907 4010 1037 4069 ‘’Gasan,
1061 4010 1075 4056 I
1093 4009 1175 4067 think,
1195 4008 1216 4055 is
1237 4008 1308 4071 right
1327 4008 1353 4055 in
1375 4006 1408 4054 his

858 4092 1010 4155 conjectura]
1024 4091 1128 4153 reading
1145 4089 1223 4137 maisit
1227 4108 1239 4143 ,·
1262 4089 1343 4137 isthe
1360 4103 1409 4152 pre

858 4174 946 4236 oeding
963 4173 1031 4220 word
1049 4189 1111 4221 wera
1126 4170 1288 4219 abbreviated
1302 4168 1409 4232 μνεοιίιίι

858 4257 940 4305 would
958 4256 1035 4319 easily
1050 4256 1080 4303 be
1098 4255 1198 4302 written
1216 4254 1257 4301 sor
1272 4240 1313 4301 P'r
1325 4251 1407 4301 emisit

858 4339 911 4386 The
929 4340 1061 4385 Αιιοιιοιι,
1083 4336 1141 4384 MS.
1165 4336 1211 4383 has
1234 4331 1410 4389 dimisit,·and

858 4420 916 4468 here
937 4420 980 4466 the
1003 4417 1084 4465 uncial
1103 4417 1232 4464 character
1251 4416 1281 4474 E,
1305 4412 1409 4475 through

858 4501 901 4548 the
919 4500 1006 4562 fading
1024 4499 1053 4546 of
1067 4498 1111 4546 inlr
1128 4499 1154 4545 in
1173 4498 1216 4545 the
1233 4497 1300 4560 light
1319 4493 1410 4544 osntral

858 4581 950 4642 stroke,
963 4596 1021 4644 may
1033 4580 1097 4628 have
1108 4579 1169 4628 bean
1182 4578 1309 4627 mistalren
1320 4577 1360 4626 ιὀι·
1371 4575 1402 4623 Ι).
