2954 4986
253 328 297 392 30
680 340 776 393 nom
803 339 977 392 runorro.

99 515 229 601 231¹:ng
253 502 428 574 ἀκολουθεῖ
459 532 527 585 μοι·
553 502 614 584 την
644 499 679 571 δὲ
713 499 914 599 θιοριστικῖην
944 500 1047 570 αύτοῦ
1073 499 1106 567 ἐν
1134 506 1183 588 τῷ
1212 500 1323 568 εἰπεῖν·
1354 499 1409 568 οῦκ

87 609 358 698 Qtnoov
382 617 502 702 βαλεῖν
529 617 660 713 εἰρήνην,
689 612 781 684 ἀλλά
806 611 985 711 μάχαιραν.
1033 610 1104 681 Kal
1124 609 1186 683 τάν
1205 609 1357 692 Ἰωάννην
1376 609 1409 679 di

189 755 191 758 ’
251 729 411 819 λέγουσιν
439 725 521 799 αῦτά
547 733 652 798 τοῦτο
681 727 897 809 μεμηνυκέναι,
924 726 1074 796 εἰπόντα·
1105 723 1148 795 τὸ
1175 726 1283 796 πτύον
1309 726 1341 793 ἐν
1366 727 1408 815 τῇ

251 840 339 939 χειρὶ
361 841 469 922 αύτοῦ,
487 840 540 909 καῖ
561 838 765 937 διακαθαριεῖ
780 839 840 921 την
866 834 985 921 ἅλωνα,
1004 837 1058 908 καὶ
1083 833 1213 930 συνάξει
1232 836 1294 909 τὸν
1312 848 1410 909 σῖτον

251 955 294 1030 εἷς
316 953 376 1034 την
400 952 568 1035 ἀποθήκην
587 953 697 1036 αῦτοῦ,
715 950 758 1023 τῦ
798 949 954 1049 έάχυρον
977 953 1175 1022 κατακαύσει
1199 951 1278 1049 πυρὶ
1304 951 1409 1037 ἀσβέ-

252 1097 335 1156 στῳ·
371 1066 425 1135 καὶ
453 1063 506 1135 did
533 1067 656 1136 τούτου
679 1064 739 1146 την
767 1064 931 1162 ἐνέργειαν
962 1069 1026 1134 τοῦ
1048 1062 1160 1161 Ὄρου
1189 1065 1406 1146 μεμηνυκέναι·

252 1181 358 1249 πτύον
393 1175 460 1276 γὰρ
489 1179 608 1247 ἐκεῖνον
636 1175 697 1248 τάν
729 1176 885 1274 Σπουράν
916 1177 1139 1274 ἑρμηνεύουσιν
1171 1175 1259 1259 εῖναι,
1290 1177 1345 1247 ιὃν
1371 1174 1407 1257 θη

254 1285 345 1396 [fil.
366 1284 432 1393 clei]
463 1290 516 1360 καὶ
549 1291 736 1360 ἀναλίσκειν
766 1287 811 1360 τά
843 1286 936 1360 ύλικά
970 1286 1089 1373 πάντα,
1122 1292 1163 1364 uie
1191 1287 1300 1387 ἄχυρα
1332 1295 1406 1387 πῦρ·

251 1403 418 1500 καθαίρειν
436 1400 469 1472 δέ
489 1402 565 1478 τοῦς
583 1401 793 1503 σωζομένους,
813 1405 853 1479 uie
871 1399 914 1473 τὸ
930 1402 1035 1473 πτύον
1052 1400 1114 1473 τάν
1128 1411 1235 1473 σῖτον.
1267 1401 1408 1471 Παῦλον

252 1512 288 1584 δέ
316 1514 377 1586 τάν
403 1513 629 1586 Ἀπόστολον
656 1515 709 1586 καῖ
737 1512 837 1586 αῦτάν
868 1516 1163 1598 ε’πιμιμνῆσκεσθαι
1195 1515 1319 1585 τούτου
1347 1521 1409 1586 τοῦ

252 1627 410 1725 Σταυροῦ
433 1629 591 1718 λέγουσιν
616 1625 727 1704 οῦτως·
757 1629 776 1697 ὁ
800 1627 907 1719 λόγος
929 1625 997 1726 γὰρ
1027 1629 1045 1697 ὁ
1070 1633 1133 1698 τοῦ
1162 1632 1313 1725 σταυροῦ
1338 1638 1408 1703 τοῖς

251 1737 311 1823 μὲν
331 1740 573 1822 ἀπολλυμένοις
589 1741 695 1838 μωρῖα
715 1739 799 1821 έστῖ,
817 1749 888 1815 τοῖς
906 1737 941 1807 δέ
963 1738 1160 1839 σωζομένοις
1183 1743 1257 1821 ἡμῖν
1280 1737 1409 1821 δύναμις

253 1852 351 1922 θεοῦ·
397 1853 450 1923 καὶ
469 1850 583 1922 πάλιν·
610 1853 681 1935 ε’μοῖ
704 1850 739 1922 δέ
752 1852 796 1934 μὴ
817 1853 951 1943 γένοιτο
969 1853 1001 1921 ἐν
1023 1851 1132 1935 μηθενῖ
1156 1854 1357 1947 καυχᾶσθαι,
1381 1856 1409 1922 εἰ

251 1964 296 2048 μὴ
318 1966 351 2033 ἐν
372 1967 422 2054 τῷ
445 1973 580 2064 σταυρῷ
596 1971 660 2036 τοῦ
678 1965 798 2047 Ἰησοῦ,
819 1963 857 2033 δι’
883 1965 924 2035 οῦ
942 1963 1013 2046 ε’μοῖ
1038 1966 1164 2048 κόσμος
1188 1966 1406 2064 ἐσταύρωται,
1420 1976 1473 2017 ⁰³⁹

183 2126 185 2130 ·
250 2076 344 2168 κάγὼ
357 2079 406 2166 τῷ
420 2079 545 2167 κόσμῳ.
583 2077 736 2148 Τοιαῦτα
748 2075 807 2160 μέν
820 2074 873 2147 οῦν
888 2078 963 2175 περὶ
977 2082 1040 2148 τοῦ
1053 2079 1278 2175 πληρώματος
1292 2079 1407 2161 αὐτῶν,

250 2189 388 2260 καὶτοῦ
408 2188 613 2273 πλάσματος
635 2187 757 2266 πάντες
777 2185 818 2295 [l.
838 2195 901 2262 τοῦ
922 2183 1067 2292 πάντας]
1092 2191 1259 2280 λέγουσιν,
1283 2192 1409 2289 θέφαρ.

251 2429 289 2473 eo
308 2409 393 2493 quod
408 2408 508 2472 dicit:
526 2410 601 2474 Noa
610 2411 679 2474 ccci
687 2411 805 2475 mittere
815 2431 934 2494 ραιωι,
948 2409 1001 2474 red
1008 2409 1158 2495 pladiam.
1187 2408 1232 2472 Et
1244 2409 1270 2472 J
1270 2431 1407 2474 oannem

251 2507 362 2572 dicunt
378 2508 438 2572 hoo
452 2509 555 2593 ipsum
572 2509 800 2582 manifestasse,
819 2509 996 2574 dicentem:
1028 2509 1237 2572 ventilabrum
1258 2509 1294 2573 ιἰι
1311 2532 1408 2575 manu

250 2607 323 2691 ejus,
339 2608 504 2672 emundare
519 2629 633 2685 aream,
649 2618 678 2672 ct
692 2608 808 2695 collipet
815 2608 1015 2693 frumentum
1031 2610 1066 2673 in
1083 2609 1223 2672 Ιιοννευυι
1233 2630 1333 2683 raam,
1346 2632 1407 2693 po·

251 2712 313 2770 loos
330 2717 430 2770 cutem
443 2706 591 2772 comburet
607 2709 675 2793 ι’ρυῖ
687 2708 950 2793 ιἰιαιετιάριιῖὸῖίῖς
970 2717 1004 2773 et
1017 2730 1074 2793 per
1084 2707 1170 2772 ³haeo
1187 2708 1407 2792 operationem

252 2803 335 2869 Hori
353 2805 552 2890 significasse.
581 2806 806 2872 ventilabrum
819 2807 902 2872 enim
915 2808 993 2872 illud
1007 2829 1134 2872 crucem
1151 2807 1408 2892 interpretantur

250 2926 327 2978 esse,
360 2927 429 2989 quae
459 2905 579 2972 scilicet
603 2908 759 2972 consumit
786 2907 964 2972 materialia
991 2905 1106 2981 omnia,
1138 2907 1406 2991 quemadmodum

250 3005 357 3088 paleas
387 3005 486 3091 ignis:
515 3006 668 3071 emundat
697 3016 806 3072 autem
836 3029 890 3071 eos
920 3007 974 3092 qui
1000 3008 1172 3079 salvantur,
1199 3005 1282 3070 siout
1305 3006 1406 3070 venti-

248 3103 374 3169 labrum
392 3107 545 3171 tritioum.
594 3106 731 3171 Paulum
747 3115 856 3171 autem
873 3106 1065 3192 Apostolum
1082 3114 1116 3169 et
1129 3106 1233 3188 ipsum
1246 3105 1406 3170 reminisci

86 3216 214 3259 word-la
249 3202 343 3288 hujus
377 3207 478 3270 crucis
511 3206 623 3272 dicunt
649 3206 712 3272 sicr
752 3205 881 3271 Verbum
906 3207 985 3271 enim
1011 3206 1110 3270 meria
1134 3206 1176 3270 iis
1200 3205 1256 3290 qui
1274 3215 1405 3289 peresam

248 3303 384 3367 stultitia
408 3313 466 3370 aar:
490 3306 532 3370 iis
556 3315 665 3380 αυωυι,
684 3308 739 3390 qui
757 3309 928 3380 sulcantur,
954 3307 1052 3370 cirtae
1068 3305 1139 3369 Dei.
1194 3303 1239 3369 Et
1264 3304 1401 3369 iterum:

84 3418 208 3459 οιινιιι
249 3401 338 3466 Mili
354 3413 454 3466 actem
479 3424 539 3467 coa
565 3406 684 3468 ωιαῖαι
709 3406 745 3469 in
770 3407 832 3470 ullo
853 3406 1001 3490 ρῖοιῦακῖ,
1018 3405 1081 3470 uisi
1105 3405 1140 3469 ιἰι
1160 3403 1281 3470 Christi
1306 3426 1402 3479 crare,

242 3522 303 3586 por
320 3522 405 3585 quom
419 3502 497 3566 mili
513 3504 646 3568 mandor
663 3505 831 3586 crucifissus
844 3514 897 3580 ert,
910 3515 938 3570 et
954 3504 1140 3590 spumando.
1193 3504 1289 3568 Talia
1306 3503 1404 3589 igitur

249 3599 289 3663 de
306 3599 490 3665 Pleromate
502 3600 649 3686 ipsorum,
662 3611 696 3667 et
708 3604 864 3688 plasmate
881 3604 1097 3670 universorum
1112 3604 1234 3674 dicunt,
1247 3604 1403 3688 adaptare

248 3699 411 3784 cupientes
428 3722 555 3787 eaquae
573 3703 653 3768 bene
670 3703 859 3784 dictasunt,
878 3704 917 3769 iis
936 3726 1007 3791 quae
1030 3703 1113 3769 male
1134 3703 1309 3768 adinventa
1330 3712 1404 3768 sunt

247 3891 797 3957 areanindependsntproofflhatthesacri·
850 3895 973 3954 Pleroma,
1004 3895 1086 3943 whose
1114 3895 1228 3943 fonction
1256 3896 1277 3944 it
1299 3912 1351 3944 was
1377 3901 1403 3944 to

247 3972 293 4021 fies
304 3973 333 4022 of
347 3973 389 4022 the
407 3973 491 4023 Death
502 3975 531 4024 ol'
545 3975 629 4025 Christ
643 3993 695 4025 was
710 3977 799 4026 denied
849 3980 962 4040 separate
983 3977 1026 4024 the
1047 3976 1160 4025 material
1182 3976 1232 4024 and
1251 3993 1323 4040 gross
1341 3978 1402 4026 from

246 4055 393 4119 stubbornly
403 4056 438 4119 by
448 4056 491 4105 the
502 4058 601 4107 ancient
612 4059 711 4109 horstio
745 4059 798 4108 Tha
849 4057 1025 4121 theopistum
1043 4058 1093 4106 and
1112 4058 1241 4121 heavonly,
1264 4058 1342 4107 hence
1361 4060 1402 4108 thc

246 4134 393 4195 rationalist,
411 4151 438 4183 as
450 4136 543 4185 wellas
555 4138 596 4186 the
610 4138 671 4201 high
682 4139 798 4202 pmdesti·
849 4140 1009 4204 agricultural
1020 4157 1093 4189 name
1103 4142 1132 4189 ol
1146 4141 1281 4205 carpistes.

246 4217 341 4276 narian,
358 4232 416 4280 may
431 4217 484 4265 find
501 4218 541 4266 for
557 4219 658 4267 himself
672 4235 687 4267 a
703 4219 798 4269 certain
897 4219 909 4252 ¹
925 4221 1102 4270 Vsnsurnrus
1119 4223 1140 4271 is
1162 4222 1277 4270 nowhere
1299 4222 1402 4271 aecused

245 4297 372 4347 historical
406 4298 513 4360 position
541 4299 567 4345 in
596 4299 639 4346 tho
672 4299 797 4362 primitive
848 4303 877 4350 οἱ
890 4302 984 4366 having
994 4304 1087 4352 altered
1098 4305 1141 4352 tho
1152 4309 1207 4352 text
1222 4305 1252 4352 of
1266 4304 1399 4369 Scriptura,

245 4380 337 4442 period,
350 4381 397 4429 but
414 4381 434 4429 it
451 4383 520 4426 must
539 4377 570 4425 be
584 4377 610 4424 in
625 4377 668 4425 tha
684 4379 761 4426 ranke
772 4378 800 4426 of
848 4398 876 4432 as
894 4383 1023 4432 Msncrou
1043 4385 1094 4445 did,
1116 4386 1162 4434 but
1183 4385 1213 4433 of
1232 4387 1328 4450 having
1349 4402 1401 4450 per·

244 4459 339 4524 hercsy.
848 4465 933 4513 rerted
944 4465 977 4513 its
989 4467 1112 4530 monning.
1149 4467 1266 4515 Seonote
1279 4482 1302 4529 3,
1317 4485 1342 4532 p.
1356 4485 1379 4525 4.

295 4539 304 4570 ¹
321 4542 355 4600 δν,
369 4539 489 4603 referring
499 4544 526 4588 to
538 4539 582 4587 the
595 4540 696 4600 σταυρὸς
712 4539 741 4588 ol'
753 4541 796 4589 the
897 4543 908 4576 ⁸
924 4545 977 4593 The
988 4547 1092 4610 reading
1103 4547 1132 4595 os
1145 4547 1188 4595 the
1200 4548 1306 4597 Auum).
1320 4548 1377 4597 MS.
