2954 4986
487 332 768 389 uurvnnsonuu
794 334 928 390 runco.
1210 321 1276 393 aot

122 488 156 552 in
178 486 363 575 quibusoam
383 439 506 574 quidem
527 486 760 552 simitudinem
781 506 930 564 mame,
953 487 987 552 in
1008 486 1192 576 quamnam
1205 511 1278 556 vero
1290 511 1441 600 qm

122 592 307 677 depravasse
327 590 495 678 imaginem
516 589 735 669 similitudinis,
754 611 824 677 quae
847 589 881 653 in
899 589 960 655 hoc
979 589 1021 656 sit
1040 591 1164 671 emissa,
1180 600 1215 657 ut
1235 592 1278 658 sit
1307 606 1387 692 uffi-
1398 606 1428 648 ¹1·

121 695 294 760 secundum
315 693 549 759 similitudinem
571 695 650 780 ejus,
674 715 744 780 quae
773 714 898 758 sursum
923 700 973 758 est
1000 693 1136 760 emissio.
1186 694 1278 776 Quod
1293 681 1442 743 -ὲ

121 799 228 863 sinon
246 806 296 863 cst
315 796 435 873 similis,
453 796 622 862 Salvatoris
641 797 701 862 crit
721 796 884 876 incusatio,
899 797 953 885 qui
972 796 1154 863 dissimilem
1174 798 1278 864 emisit

122 901 300 989 imaginem,
323 901 412 989 quasi
433 900 634 988 reprobabilis
655 900 778 966 artifex.
825 900 893 966 Nec
909 900 994 966 enim
1010 900 1113 967 dicare
1133 912 1275 988 possunt,

122 1005 213 1092 quasi
233 1026 298 1069 non
315 1004 444 1070 baberet
464 1010 653 1089 potestatem
673 1002 849 1069 emissionis
875 1003 1027 1082 Salvator,
1048 1024 1141 1090 quem
1164 1005 1277 1072 Omaic

122 1129 193 1173 esse
213 1107 332 1174 dicunt.
377 1107 412 1172 Si
434 1106 530 1194 igitur
548 1105 706 1171 dissimilis
727 1114 776 1172 est
793 1105 907 1194 imago,
922 1106 1023 1171 malus
1037 1115 1086 1172 est
1104 1107 1227 1188 artifex,
1242 1118 1276 1176 et

121 1218 172 1276 est
186 1211 277 1298 culpa
292 1210 462 1276 Salvatoris
476 1209 646 1275 secundum
664 1230 729 1275 cos.
775 1209 810 1275 Si
833 1217 939 1275 autem
960 1209 1071 1276 similis
1090 1219 1149 1289 est,
1165 1213 1275 1279 eadem

121 1313 298 1402 ignorantia
323 1313 496 1380 invenietur
523 1312 606 1379 circa
634 1311 710 1377 Nun
739 1312 922 1399 Propatoris
950 1312 1097 1400 ipsorum,
1124 1314 1185 1381 boc
1213 1324 1273 1396 eat,

123 1417 341 1505 Monogenen:
365 1425 398 1482 et
419 1416 573 1503 ignoravit
594 1415 720 1502 quidem
737 1417 939 1503 semetipsum
957 1416 1026 1482 Nus
1047 1418 1163 1495 Patris,
1185 1419 1273 1507 igno·

119 1517 200 1582 ravit
210 1526 316 1583 autem
330 1524 363 1581 et
378 1516 518 1593 Patrem,
527 1514 681 1600 ignoravit
694 1523 800 1580 antem
811 1523 844 1581 et
855 1537 893 1581 ea
904 1536 974 1602 quae
988 1517 1079 1581 abeo
1093 1518 1177 1583 facta
1186 1527 1270 1586 sunt.

121 1620 156 1684 Si
177 1627 284 1684 autem
300 1617 461 1705 cognoscit
475 1617 536 1695 ille,
552 1625 585 1681 et
601 1638 684 1697 cum,
699 1618 753 1705 qui
775 1619 817 1683 ad
837 1618 1072 1683 similitudinem
1088 1619 1156 1704 ejus
1171 1621 1273 1690 iactus

119 1729 169 1787 est
187 1742 208 1786 a
228 1721 398 1800 Salvatore‚
413 1742 541 1786 necesse
561 1730 610 1786 est
630 1741 817 1808 cognoscere
837 1742 908 1808 quae
925 1728 1000 1786 sunt
1019 1720 1152 1788 similia:
1175 1731 1208 1790 et
1222 1746 1272 1791 so-

119 1825 187 1890 luta
196 1831 247 1890 est
259 1823 397 1910 ipsorum
410 1824 580 1889 secundum
595 1846 685 1889 arram
698 1824 837 1912 regulam
851 1823 989 1889 maxima
1002 1823 1204 1911 blasphemia.

604 2078 706 2145 GAP.
732 2077 793 2142 Vl.

122 2220 309 2311 Quomodo
338 2220 377 2294 ia
404 2219 620 2295 immensum
653 2215 788 2291 eccidit
817 2215 864 2292 de
894 2215 1118 2317 imaginibus
1147 2248 1272 2300 eorum

626 2361 752 2410 sermo.

177 2490 206 2552 l.
254 2485 305 2550 En
320 2485 388 2551 sine
402 2489 462 2551 hoc
476 2492 592 2563 autem,
605 2505 740 2569 quonam
754 2482 848 2548 modo
865 2505 986 2570 eaquae
1003 2493 1077 2550 sunt
1092 2488 1269 2570 ¹creaturae,

116 2589 163 2655 sic
185 2589 289 2654 ²varia
308 2597 341 2655 et
363 2589 472 2666 multa,
493 2596 526 2654 et
547 2586 793 2665 innumerabilia,
816 2609 924 2651 eorum
943 2589 1081 2653 AEonum
1104 2591 1176 2678 ³qui
1197 2603 1271 2660 sunt

116 2693 200 2757 intra
214 2691 359 2758 Pleroma
374 2714 439 2755 xxx
453 2691 605 2778 imagines
619 2712 688 2755 esse
703 2697 843 2776 possunt,
859 2712 989 2776 quorum
1004 2699 1037 2756 et
1050 2693 1178 2759 nomina
1201 2718 1271 2782 quae

116 2795 191 2874 sint,
206 2795 376 2860 secundum
392 2793 474 2881 quod
485 2793 603 2872 dicunt,
615 2792 756 2879 incoqui
768 2800 817 2858 est
827 2800 901 2858 ante
912 2793 994 2859 hunc
1006 2794 1083 2861 libro
1094 2799 1272 2883 posuimus?

118 2898 164 2963 Et
189 2920 252 2962 non
277 2905 401 2962 tantum
426 2898 576 2961 universae
602 2903 753 2960 creaturae
779 2894 971 2974 varietatem,
995 2898 1051 2962 sed
1076 2921 1116 2964 ne
1145 2902 1271 2989 quidem

115 3001 215 3088 partis
229 3000 360 3087 alicujus
374 3007 430 3064 aut
440 2997 624 3076 coelestium,
639 3005 695 3061 aut
708 2998 1006 3083 superterrestrinm,
1018 3008 1074 3065 aut
1087 3004 1271 3087 aquatilium

116 3111 264 3190 poterunt
279 3103 429 3189 adaptare
445 3099 632 3167 Pleromatis
653 3100 791 3186 ipsorum
812 3100 969 3185 parvitati.
1015 3102 1169 3183 Quoniam
1187 3107 1270 3172 enim

117 3207 264 3272 Pleroma
277 3207 415 3293 ipsorum
431 3228 498 3268 xxx
513 3203 639 3267 AEones
652 3211 736 3279 sunt,
746 3201 805 3288 ipsi
815 3210 987 3268 testantur:
1005 3205 1151 3291 quoniam
1164 3217 1271 3275 autem

116 3311 150 3375 in
168 3333 232 3375 una
252 3318 340 3396 parte
362 3309 500 3395 ipsorum
519 3328 589 3394 quae
604 3305 786 3383 dictasunt,
808 3327 872 3369 non
888 3329 962 3369 xxx
979 3306 1036 3372 sed
1057 3308 1156 3375 multa
1173 3310 1270 3378 millia

115 3414 289 3500 specierum
306 3434 375 3477 esse
392 3416 610 3486 annumerant,
624 3429 679 3474 eos
699 3407 863 3473 ostendere
883 3408 986 3475 omnis
1003 3411 1178 3498 quicunque
1195 3437 1269 3480 con-

115 3516 265 3581 fitebitur.
301 3514 464 3597 Quomodo
478 3513 573 3600 igitur
587 3534 635 3591 ea,
651 3533 720 3598 qnae
735 3518 801 3575 tam
819 3510 925 3576 multae
939 3522 1014 3578 sunt
1036 3515 1222 3583 conditionis
1236 3527 1269 3584 et

58 3636 98 3674 ¹24
116 3618 278 3684 contrariis
291 3617 501 3695 subsistentia,
519 3623 552 3681 et
562 3613 768 3702 repugnantia
778 3613 920 3692 invicem,
933 3623 965 3679 et
977 3615 1194 3684 interficientia
1208 3621 1269 3687 alia

114 3721 186 3800 alia,
196 3721 349 3807 imagines
358 3728 390 3786 et
398 3718 615 3785 similitudines
625 3739 694 3783 esse
703 3723 832 3802 possunt
841 3739 905 3780 xxx
912 3717 1265 3801 AEonum⁴Pleromati3

114 3824 268 3912 siquidem
282 3823 373 3888 unius
387 3830 517 3900 naturae,
533 3819 793 3907 quemadmodum
809 3817 927 3898 dicunt,
942 3841 983 3884 ex
1000 3821 1112 3908 aequali
1127 3832 1160 3889 et
1174 3826 1268 3892 simili

114 3927 279 4005 exsistant,
298 3935 331 3992 et
350 3925 467 3990 nullam
488 3924 624 3988 habeant
645 3922 872 3987 differentiam!
909 3922 1082 4008 Oportebat
1100 3935 1216 4007 autem,
1239 3930 1266 3995 si

114 4030 183 4095 haec
193 4029 315 4095 illorum
324 4027 476 4114 imagines
487 4032 570 4105 sunt,
583 4024 842 4110 quemadmodum
850 4031 963 4090 natura
976 4046 1110 4112 nequam
1125 4029 1268 4096 homines

163 4207 172 4238 ¹
189 4208 223 4256 τὰ
233 4209 276 4267 τῆς
288 4209 394 4257 κτίσεως.
716 4205 800 4254 would
806 4220 881 4254 never
887 4206 1043 4255 hovedenicd
1048 4208 1104 4256 that
1110 4209 1153 4256 the
1160 4212 1267 4257 termus·

162 4283 666 4351 hortatquSSJpgminmdingva·
716 4288 1265 4353 cucionndnooounterpartinthepleroma.

112 4385 167 4430 ecca,
174 4370 218 4419 the
225 4370 420 4419 errortbereiore
427 4374 494 4418 must
501 4369 565 4417 have
573 4370 635 4419 boon
642 4370 670 4418 oi
765 4371 776 4402 ⁸
793 4372 902 4433 Onnum,
917 4373 1025 4422 Aauun.
1046 4372 1097 4420 and
1108 4371 1188 4420 Voss.
1205 4373 1268 4423 bava

112 4452 153 4501 old
160 4451 293 4517 standing;
303 4452 343 4501 ior
353 4453 374 4501 it
385 4452 406 4500 ia
416 4450 517 4500 erideut
527 4451 584 4500 that
594 4450 668 4500 toric
716 4468 775 4517 pta,
788 4454 920 4518 rendering
931 4454 997 4503 AEoa
1008 4454 1033 4501 in
1048 4454 1091 4502 tha
1103 4453 1229 4505 feminino.

113 4535 176 4584 auita
193 4535 238 4584 the
255 4539 357 4585 context
375 4535 442 4594 best;
458 4532 507 4581 and
519 4533 561 4582 tbs
576 4533 667 4582 author
764 4536 776 4567 ⁴
792 4536 807 4584 l.
822 4537 974 4587 Pleromatis.
