2954 4986
240 335 308 400 318
516 352 778 406 roauamoms
802 351 1111 405 vaunurmmnm

105 522 158 560 ΒΒΒ
169 522 197 560 ΒΒ
240 504 415 568 substantia
437 503 572 569 habeant
592 505 724 583 animas,
746 527 787 570 ex
809 527 870 589 qua
891 512 924 569 et
943 504 1145 590 Demiurgus,
1167 502 1251 568 sicut
1279 498 1388 578 dicunt,

77 569 173 743 θῇἒῐξζ
168 614 227 698 Βῗῖἱ·
240 607 323 671 bunc
351 615 457 671 autem
481 609 577 672 semel
601 608 778 673 universum
803 607 1024 691 suscipientem
1046 629 1154 672 semen
1177 628 1200 670 a
1225 606 1339 680 Matre,
1360 614 1389 669 et

133 707 189 743 ¹⁸²
240 709 428 772 habentem
420 731 451 772 ιι]
466 731 511 786 ss,
526 709 691 773 animalem
712 731 935 794 perseverasse,
951 719 984 774 et
998 707 1099 772 nihil
1090 731 1123 771 m
1141 716 1245 772 totum
1263 707 1387 772 sensisse
1398 726 1416 764 Β.

240 833 347 876 eorum
372 834 441 897 quae
468 821 542 876 sunt
567 813 734 897 superiora,
754 835 824 898 quae
846 812 879 875 hi
904 812 1089 896 semetipsos
1114 811 1300 897 intelligere,
1323 810 1388 874 dum

240 915 342 979 adhuc
356 922 430 978 sunt
450 915 483 977 in
506 923 598 989 terra,
614 914 794 999 gloriantur,
813 915 967 998 quomodo
989 913 1048 978 hoc
1071 935 1134 977 non
1156 934 1252 998 super
1273 934 1386 976 omnem

240 1016 542 1081 irrationabilitatem
567 1018 636 1080 estl
682 1016 809 1080 Etenim
835 1016 968 1101 idipsum
994 1036 1100 1079 semen
1129 1015 1244 1078 horum
1271 1015 1385 1100 quidem

239 1120 402 1183 animabus
410 1118 600 1204 agnitionem
615 1118 794 1183 attribuisse
808 1127 840 1182 et
855 1117 1094 1203 perlectionem
1111 1117 1140 1181 ei
1154 1126 1264 1181 autem
1280 1117 1329 1203 qui
1340 1139 1385 1181 eos

239 1223 313 1287 lecit
329 1222 398 1286 Deo
413 1221 620 1307 ignorantiam
634 1220 814 1285 attribuisse
828 1229 947 1305 putare,
959 1242 1030 1284 vere
1045 1241 1230 1284 vesanorum
1245 1229 1305 1290 est,
1316 1229 1346 1283 et
1358 1219 1384 1283 in

238 1332 341 1388 totum
363 1331 468 1387 mente
489 1322 717 1386 destitutorum.
763 1322 878 1386 Adhuc
900 1322 994 1386 etiam
1016 1322 1219 1386 vanissimum
1242 1323 1383 1408 estquod

238 1425 356 1501 dieunt,
372 1423 478 1487 iubae
496 1423 690 1508 depositione
705 1423 831 1510 figurari
854 1423 929 1488 illud
951 1432 983 1488 et
1003 1445 1183 1510 augescere,
1196 1431 1231 1488 et
1253 1433 1383 1510 paratum

237 1527 304 1589 lieri
327 1527 368 1590 ad
390 1526 620 1610 susceptionem
649 1526 793 1610 perfectae
815 1526 955 1590 rationis.
1000 1525 1071 1589 Erit
1092 1525 1178 1590 enim
1201 1526 1232 1590 ei
1257 1525 1382 1590 materia
1395 1547 1422 1586 ru

237 1627 399 1705 admixtio,
413 1649 506 1712 quam
520 1631 576 1691 ¹ex
588 1627 763 1712 ignorantia
774 1635 807 1691 et
816 1627 886 1692 labe
896 1626 1002 1692 volunt
1013 1627 1159 1692 habuisse
1174 1628 1381 1706 substantiam,

237 1729 339 1813 aptior
353 1738 385 1793 et
405 1728 519 1806 utilior,
539 1750 633 1814 quam
653 1728 713 1792 fuit
731 1739 893 1812 paternum
915 1728 1020 1792 lumen
1037 1727 1194 1813 ipsorum:
1219 1729 1249 1793 si
1271 1729 1382 1816 quiden

237 1831 406 1895 secundum
422 1828 504 1892 illius
518 1829 740 1914 inspectionem
758 1837 876 1906 natum,
896 1829 1026 1893 informe
1040 1837 1073 1893 et
1092 1829 1298 1916 infiguratum
1315 1831 1380 1895 luit:

238 1955 278 1997 ex
296 1933 355 1995 hac
372 1939 477 1994 antem
497 1930 721 2010 formationem,
738 1940 770 1995 et
784 1931 930 2014 speciem,
946 1939 979 1996 et
992 1940 1206 2018 augmentum,
1223 1940 1257 1997 et
1278 1933 1381 2018 perloc-

237 2036 354 2100 tionem
368 2035 547 2120 assumpsit.

692 2255 793 2320 CAP.
816 2254 940 2318 XXX.

256 2394 442 2484 Quomodo
470 2394 661 2469 contraria
690 2394 735 2468 de
763 2393 891 2466 Moero
919 2405 950 2466 ct
978 2391 1079 2466 Labe
1111 2393 1188 2490 cyim
1223 2391 1365 2468 consilio

690 2511 933 2585 decreverunt.

301 2675 338 2738 Sr
361 2675 444 2739 enim
469 2675 551 2759 quod
573 2681 622 2738 est
636 2695 656 2737 a
672 2674 850 2737 Pleromate
864 2673 979 2750 lumen,
995 2694 1089 2737 caiisa
1110 2672 1171 2737 luit
1192 2673 1331 2759 spiritali,
1348 2676 1375 2737 ut

234 2799 334 2861 neque
348 2777 490 2853 formam,
506 2781 623 2859 ²neque
638 2775 784 2860 speciem,
800 2797 900 2858 neque
915 2774 1161 2860 magnitudinem
1176 2776 1308 2840 haberet
1320 2796 1374 2862 pro

232 2878 348 2964 priam;
373 2901 442 2965 quae
465 2888 571 2942 antem
587 2879 648 2942 huc
663 2887 711 2941 est
725 2877 896 2953 descensio,
912 2877 980 2941 haec
1003 2877 1145 2942 universa
1167 2879 1290 2944 addidit
1302 2879 1374 2954 ei‚et

231 2984 272 3047 ad
281 2982 502 3069 perfectionem
517 2981 658 3059 deduxit,
668 2980 767 3045 multo
782 2980 986 3065 ³operabili0r
998 2988 1029 3043 et
1041 2980 1373 3068 utiliorvidebiturqua

232 3096 281 3151 est
295 3087 346 3151 hic
363 3085 557 3151 conversatio
573 3107 665 3170 quam
681 3093 713 3148 et
728 3087 874 3149 tenebras
895 3084 1012 3161 dicunt,
1029 3106 1122 3167 quam
1145 3086 1208 3150 fuit
1226 3095 1373 3172 patemm

231 3189 334 3253 lumen
356 3189 503 3274 ipsorum.
550 3187 713 3270 Quomodo
731 3195 837 3251 autem
859 3209 922 3250 non
936 3186 1035 3274 ⁴[est]
1052 3186 1229 3266 ridiculum,
1252 3190 1373 3254 Matrem

231 3293 356 3375 quidem
368 3293 504 3375 ipsorum
516 3292 546 3354 in
559 3292 720 3355 materiam
732 3290 938 3374 periclitatam
949 3291 1061 3368 dicere,
1071 3290 1118 3354 uti
1129 3313 1211 3376 pene
1224 3293 1372 3357 suffocare

231 3403 292 3468 tur,
309 3402 341 3457 et
355 3394 464 3477 bpaulo
480 3394 583 3457 minus
598 3401 855 3477 corrumperetur,
872 3392 932 3456 nisi
946 3393 996 3455 vix
1012 3400 1087 3456 tunc
1101 3394 1372 3477 superextendimet

230 3517 264 3559 se
274 3503 306 3558 et
317 3495 531 3558 lerrsilisseteu
540 3495 718 3578 semetipsa,
727 3496 941 3579 adjumentum
950 3494 1373 3580 percipiensaPatrezsemen

229 3604 335 3661 antem
349 3597 416 3681 ejus
435 3596 467 3660 in
483 3597 542 3660 hac
557 3597 665 3661 eadem
686 3597 816 3660 materia
829 3619 1005 3682 augescere,
1021 3605 1054 3661 et
1074 3599 1212 3677 formari,
1228 3609 1263 3665 et
1281 3609 1372 3684 aptum

230 3698 506 3784 adsuseeptionem
515 3698 643 3783 perfecti
658 3697 828 3762 ⁷sermonis
839 3698 993 3783 expediri:
1011 3707 1043 3762 et
1057 3699 1161 3763 hocin
1177 3701 1372 3773 dissimilibus.

278 3892 288 3924 ¹
300 3893 351 3941 'Pho
363 3893 468 3942 Anum
479 3893 535 3942 MS.
546 3893 591 3942 has
602 3893 782 3955 corignorantiae
831 3894 994 3943 audAauun.
1006 3894 1091 3952 MSS,
1104 3896 1205 3944 andtlre
1214 3897 1300 3946 Greek
1306 3895 1372 3945 would

229 3974 295 4029 ΖΜ·
312 3973 358 4021 but
369 3973 391 4021 if
401 3975 443 4022 tho
458 3975 482 4022 ἓν
494 3977 533 4023 διὰ
544 3977 606 4023 δυοῖν
617 3975 648 4024 be
659 3976 776 4035 resobcd,
831 3990 946 4039 suppress
958 3975 977 4022 it
989 3993 994 4029 ;
1012 3978 1061 4024 πῶς
1074 3977 1099 4023 δὲ
1111 3979 1138 4024 οὑ
1149 3980 1256 4037 γελοῖον.

228 4073 256 4105 ese
274 4055 411 4116 morantia
430 4055 491 4104 lodis
505 4056 587 4104 would
604 4058 635 4104 be
652 4058 695 4104 the
712 4073 780 4105 moro
880 4057 946 4104 lirul
973 4059 1055 4118 μικρὸν
1083 4060 1237 4108 duodecimae
1265 4063 1308 4110 τοῦ
1325 4062 1373 4122 otu

229 4139 365 4187 consistent
376 4139 493 4202 regimen.
525 4139 569 4185 See
581 4154 622 4201 pp.
636 4149 671 4197 17,
686 4134 737 4185 186.
829 4139 905 4198 ρῆναι.

277 4218 378 4282 ²ueque
388 4219 495 4281 speciem
514 4219 593 4265 These
605 4218 693 4276 words,
706 4218 778 4265 omit·
879 4216 945 4265 ⁶cf.
965 4235 988 4281 p.
1000 4232 1054 4279 225,
1068 4236 1091 4268 n.
1103 4234 1125 4269 1.

229 4300 270 4347 ted
281 4302 315 4363 by
326 4301 420 4348 Gnann
432 4299 482 4347 aud
495 4299 631 4356 Massmr,
645 4314 687 4345 are
698 4297 779 4346 added
847 4325 851 4331 ·
879 4297 1034 4349 ⁷Scrrnonis.
1073 4301 1208 4353 Rationem
1233 4313 1313 4356 nutem
1327 4313 1373 4370 pato

227 4381 290 4427 from
302 4382 344 4429 the
355 4381 462 4428 Anum).
476 4379 533 4427 MS.
827 4381 910 4442 potius
921 4398 993 4444 puum-
1005 4399 1141 4432 sermonem
1153 4389 1298 4437 uertendum
1308 4389 1374 4452 sm

277 4460 287 4491 ³
305 4463 354 4510 Gn.
368 4462 417 4509 and
429 4462 495 4524 early
508 4461 573 4508 Eoo.
587 4459 724 4522 optabilior.
830 4464 910 4523 λόγον,
923 4472 996 4525 prout
1011 4464 1136 4525 aliquoties
1150 4467 1193 4517 liic
1207 4477 1230 4517 et
1243 4471 1288 4521 lib.
1301 4484 1317 4521 1.
1331 4471 1372 4520 lm

276 4541 287 4571 ⁴
303 4550 335 4590 cat
346 4543 366 4590 is
378 4543 483 4592 omitted
500 4543 561 4591 both
577 4542 610 4607 by
622 4543 664 4591 tbo
677 4543 777 4591 Oranti.
830 4544 947 4596 mildidit.
984 4548 1086 4595 Ganos.
