2954 4986
106 525 159 565 tut.
168 524 197 565 ll.

103 572 170 610 xlvlll.
179 573 197 610 4

83 619 129 657 GR
139 618 167 656 ll.
178 617 215 656 lvl.

90 664 169 703 HASS.
178 663 208 703 ll.

110 710 176 749 xxall
186 712 203 750 l.

238 332 306 404 372
475 349 672 404 cnnmruu
696 348 944 403 nortmannus
970 348 1174 403 nmnnrrcr

240 527 304 571 non
317 504 418 571 solum
433 506 487 592 qui
502 504 685 583 moechatur,
700 503 873 590 expellitur,
888 502 945 569 sed
963 510 997 568 et
1019 502 1072 590 qui
1092 501 1245 569 moechari
1260 502 1339 568 vult:
1360 511 1389 569 et

240 631 304 675 non
317 608 418 673 solum
433 608 486 695 qui
500 608 625 686 occidit,
640 629 712 672 reus
727 606 786 672 erit
800 606 964 672 occisionis
977 607 1019 671 ad
1034 606 1281 685 damnationem,
1295 608 1391 673 sedet

241 713 293 799 qui
319 711 461 777 irascitur
486 711 553 777 sine
574 732 670 776 causa
690 709 778 775 fratri
799 731 874 774 suo:
899 710 952 797 qui
974 717 1007 775 et
1028 732 1092 775 non
1112 710 1215 775 solum
1237 732 1300 775 non
1313 710 1392 776 odire

240 815 391 892 homines,
401 815 456 880 sed
471 824 504 879 et
518 813 659 879 inimicos
668 814 795 900 diligere
805 813 918 899 jussit:
934 822 967 878 et
977 836 1039 878 non
1053 814 1155 879 solum
1171 836 1236 878 non
1250 816 1391 900 pejerare,

239 918 296 983 sed
310 940 367 983 nec
378 920 484 1004 jurare
497 917 665 1003 praecepit;
688 925 721 981 et
735 938 798 981 non
815 916 915 981 solum
933 914 1027 1005 [non]
1044 916 1125 981 male
1140 915 1226 1001 loqui
1242 917 1281 981 de
1295 917 1393 1002 proxi·

240 1020 310 1098 mis,
325 1021 381 1085 sed
396 1042 436 1086 ne
451 1021 575 1107 quidem
591 1020 686 1084 rocla
701 1028 734 1083 et
748 1020 869 1084 fatuum
884 1019 985 1085 dicere
998 1019 1152 1107 aliquem
1167 1018 1392 1105 siquominus,

239 1146 310 1189 reos
324 1146 392 1189 esse
407 1124 583 1211 hujusmodi
598 1123 629 1186 in
645 1123 749 1210 ignem
762 1122 933 1209 gehennae:
949 1131 983 1188 et
996 1145 1058 1188 non
1073 1131 1196 1187 tantum
1214 1146 1278 1187 non
1293 1146 1394 1210 percu·

239 1234 317 1303 tere,
332 1226 435 1291 sedet
450 1226 534 1312 ipsos
548 1247 712 1311 percussos
727 1225 822 1289 etiam
839 1225 970 1290 alteram
990 1235 1140 1311 praestare
1162 1226 1343 1290 maxillam:
1364 1236 1395 1291 et

240 1349 303 1392 non
317 1327 419 1392 solum
433 1348 496 1391 non
510 1328 666 1415 abnegare
680 1349 751 1413 quar
767 1336 842 1392 sunt
861 1327 972 1405 aliena,
988 1328 1043 1393 sed
1065 1327 1162 1392 etiam
1183 1328 1212 1392 si
1234 1349 1294 1392 sua
1314 1329 1395 1393 aule

240 1440 358 1508 rantur,
375 1428 435 1495 illis
449 1451 512 1494 non
526 1429 743 1516 expostulare:
767 1437 801 1495 et
818 1451 881 1494 non
899 1429 1000 1495 solum
1018 1452 1081 1494 non
1102 1430 1216 1495 laedere
1230 1431 1395 1517 proximos,

240 1554 341 1618 neque
367 1532 468 1597 facere
492 1532 567 1619 quid
590 1531 635 1596 eis
663 1532 790 1610 malum,
817 1532 874 1597 sed
899 1541 932 1597 et
956 1532 1086 1618 eosqui
1110 1531 1192 1598 male
1222 1542 1397 1599 tractantur

240 1635 457 1722 magnanimes
471 1657 550 1713 esse,
566 1643 599 1700 et
618 1635 843 1722 benignitatem
858 1657 1004 1700 exercere
1017 1657 1093 1722 erga
1106 1657 1171 1714 eos,
1187 1643 1221 1701 et
1236 1658 1327 1702 orare
1344 1659 1397 1723 pro

240 1738 297 1816 eis,
323 1737 369 1802 uti
393 1738 610 1824 poenitentiam
635 1747 766 1824 agentes
786 1737 897 1803 salvari
919 1738 1057 1825 possint3
1077 1739 1110 1802 in
1131 1739 1217 1805 nullo
1240 1741 1398 1806 imitantes

241 1862 299 1906 nos
313 1840 500 1927 reliquorum
515 1840 745 1919 contumeliam,
760 1849 792 1905 et
807 1840 976 1919 libidinem,
992 1849 1025 1906 et
1039 1842 1228 1929 superbiam.
1267 1843 1398 1925 Quando

241 1943 338 2030 igitur
351 1943 412 2021 ille,
425 1964 518 2029 quem
533 1942 584 2007 isti
599 1942 784 2029 magistrum
797 1943 979 2030 gloriantur,
991 1953 1023 2009 et
1037 1967 1110 2010 eum
1125 1944 1224 2010 multo
1239 1946 1398 2011 meliorem

241 2055 274 2111 et
283 2047 441 2111 fortiorem
456 2045 582 2130 reliquis
595 2045 732 2113 animam
740 2045 886 2113 babuisse
896 2047 1013 2125 dicunt,
1026 2070 1098 2114 cum
1112 2069 1228 2135 magna
1239 2049 1398 2136 diligentia

241 2149 385 2235 quaedam
413 2147 539 2235 quidem
561 2148 657 2236 jussit
685 2148 752 2215 fieri
781 2149 869 2233 quasi
894 2150 976 2215 bona
1000 2159 1033 2216 et
1053 2151 1189 2238 egregia,
1212 2151 1397 2238 quibusdam

242 2260 348 2316 autem
363 2252 520 2317 abstinere
539 2274 602 2316 non
621 2251 722 2316 solum
736 2253 891 2338 operibus,
906 2253 1071 2318 sedetiam
1084 2253 1136 2318 hia
1154 2254 1397 2340 cogitationibus

242 2378 312 2441 qum
331 2357 373 2420 ad
392 2377 487 2442 opera
508 2356 637 2434 ducunt,
656 2355 745 2442 quasi
767 2355 857 2420 malis
882 2364 916 2421 et
929 2355 1047 2421 nocivis
1060 2366 1094 2422 et
1112 2378 1266 2443 nequam:
1291 2382 1396 2445 quem·

241 2458 410 2523 admodum
445 2458 631 2546 magistrum
665 2457 805 2523 dicentes
840 2459 936 2524 talem
972 2459 1130 2525 fortiorem
1168 2470 1201 2525 et
1237 2463 1396 2528 meliorem

241 2561 377 2648 reliquis,
400 2561 512 2627 deinde
533 2585 603 2648 quae
625 2571 698 2628 sunt
718 2563 874 2630 contraria
891 2563 959 2648 ejus
974 2563 1123 2628 doctrinae
1138 2564 1305 2631 manifeste
1320 2589 1396 2652 prae·

242 2664 403 2752 cipientes,
429 2689 493 2731 non
518 2665 767 2732 confundantur?
810 2666 856 2731 Et
875 2667 902 2730 ai
918 2666 1041 2753 quidem
1061 2665 1137 2730 nihil
1151 2676 1237 2732 esset
1252 2669 1326 2733 mali
1344 2679 1397 2735 ant

242 2790 349 2832 rursus
363 2768 446 2844 boni,
462 2769 606 2853 opinione
621 2778 726 2834 autem
741 2770 808 2835 sola
824 2769 970 2848 humana,
987 2770 1128 2856 quaedam
1141 2771 1269 2857 quidem
1284 2773 1398 2860 injusta

78 2900 138 2941 ma
147 2899 228 2939 autc
243 2870 386 2957 quaedam
401 2880 508 2936 autem
519 2872 607 2957 justa
621 2880 814 2958 putarentur,
830 2894 892 2937 non
907 2873 1013 2959 utique
1025 2872 1156 2938 dixisset
1173 2874 1396 2961 dogmaticam,

245 2975 293 3065 [id
317 2983 366 3040 est
390 2974 505 3040 docens
516 2974 541 3060 :]
563 2975 651 3040 lasti
670 2985 773 3040 cutem
789 2975 956 3061 fulgebunt
972 2976 1051 3040 sicot
1068 2976 1114 3040 col
1127 2978 1163 3041 ia
1181 2999 1275 3065 repro
1288 2980 1397 3045 Patra

78 3102 228 3196 afflig.
243 3100 362 3143 eoram:
386 3079 518 3166 injustos
540 3086 647 3144 autem
672 3087 706 3143 et
727 3077 780 3165 qui
801 3100 866 3143 non
889 3078 1008 3143 iaciunt
1024 3100 1118 3164 opera
1133 3080 1279 3167 justitiae,
1294 3083 1397 3147 mittet

77 3197 146 3243 msa
242 3203 276 3245 ra
292 3203 392 3267 agnem
405 3192 561 3261 oetemrrrm,
577 3180 629 3247 att
643 3182 755 3246 vermis
776 3182 912 3268 ipaorm
931 3203 991 3247 aaa
1009 3183 1166 3262 morietur,
1190 3194 1218 3249 ct
1238 3185 1322 3270 ipsis
1341 3208 1397 3251 aon

94 4602 143 4680 λ

243 3285 458 3371 exstinguetur.

690 3498 791 3565 ΟΑΡ.
814 3498 948 3564 XLIX.

268 3635 421 3714 Eversio
439 3638 488 3713 H
485 3637 710 3714 ereticorum
727 3637 890 3713 omnium
907 3637 948 3711 ia
964 3638 1020 3729 its,
1034 3637 1166 3738 peribas
1180 3666 1254 3715 ooo
1272 3668 1364 3716 corn·

564 3755 753 3830 mrtoiccmt
771 3782 854 3830 com
878 3756 1075 3832 Valentino.

308 3927 338 3987 1.
361 3923 487 3986 Annua
507 3924 603 3989 etiam
623 3924 771 4001 dicentes,
793 3931 935 4009 oportere
955 3946 1010 3990 eos
1031 3924 1063 3988 in
1085 3925 1171 3990 omni
1193 3948 1287 4012 opere
1312 3926 1395 3990 etin

240 4027 324 4092 omni
348 4027 580 4091 conversatione
603 4026 680 4103 fieri,
707 4034 752 4103 ut,
776 4026 803 4091 si
827 4026 893 4091 fieri
916 4028 1026 4113 possit,
1049 4028 1082 4092 in
1100 4051 1163 4093 una
1188 4030 1261 4094 vitre
1284 4031 1396 4095 adven

241 4129 360 4194 tatione
380 4128 486 4194 omnia
507 4130 704 4214 perficientes
725 4129 766 4195 ad
787 4130 958 4215 perfectum
979 4130 1265 4216 transgrediantur;
1290 4155 1397 4198 eorum

241 4232 365 4319 quidem
385 4255 454 4319 quae
472 4239 546 4296 sunt
563 4232 604 4295 ad
621 4231 768 4297 virtutem
782 4232 979 4320 pertinentia,
995 4243 1028 4300 et
1045 4234 1199 4300 laboriosa
1213 4245 1246 4301 et
1261 4236 1398 4324 gloriosa

240 4345 274 4401 et
295 4335 478 4413 artificialia,
501 4356 570 4420 quae
592 4335 688 4400 etiam
705 4337 746 4400 ab
768 4336 911 4402 omnibus
933 4338 1016 4403 bona
1036 4340 1258 4424 approbantur,
1281 4363 1396 4426 nequa·

239 4460 333 4524 quam
347 4438 545 4504 inveniuntur
559 4438 663 4504 conati
677 4440 789 4508 iacere.
834 4440 869 4507 si
884 4440 968 4506 enim
990 4451 1114 4529 oportet
1128 4465 1184 4529 per
1198 4466 1292 4508 omne
1307 4465 1395 4529 opus,

239 4551 273 4606 et
301 4562 357 4626 per
393 4541 568 4608 universam
597 4542 642 4609 ire
671 4544 903 4630 operationem
942 4545 1043 4631 primo
1076 4544 1203 4630 quidem
1231 4548 1397 4631 oportebat
