2954 4986
242 308 310 374 268
625 317 806 372 auunoura
832 317 909 371 Nou
935 317 1002 370 asu

76 498 230 584 ”l³·..11„¹¹·'¹¹·
242 478 351 544 dicunt
376 477 537 566 quosdam,
563 484 596 542 et
622 483 735 542 natura
759 497 867 541 mrsua
890 477 1000 553 bonos,
1027 481 1059 539 et
1086 473 1235 538 AEonum
1265 469 1464 556 ipsorum⁰¹⁸

94 546 215 676 Melani
244 580 408 645 ostendere
428 581 509 645 tales
530 579 730 656 differentias,
748 587 781 643 et
803 577 954 665 quosdam
979 575 1104 663 quidem
1126 596 1168 639 ex
1189 572 1269 658 ipsis
1291 579 1399 635 natura

243 685 342 749 bonos
357 683 460 748 dicere
479 683 619 760 emissos,
635 682 786 769 quosdam
807 689 913 746 autem
935 688 1047 744 natura
1065 678 1176 754 malos,
1198 684 1236 742 ut
1258 673 1401 761 imaginis

244 787 365 852 illorum
380 786 557 850 adinventio
572 807 744 872 congruens
758 794 842 849 esset
856 784 1027 848 AEonibus.
1072 781 1189 846 Adhuc
1203 788 1314 844 autem
1329 798 1401 862 quo

244 889 330 953 niam
344 888 376 950 in
391 888 506 951 mundo
525 887 623 951 altera
638 887 762 973 quidem
777 895 850 950 suut
868 892 1040 961 mausueta,
1055 883 1155 949 altera
1171 882 1264 946 'vero
1280 880 1356 956 sera,
1371 886 1401 942 et

245 991 389 1076 quaedam
412 990 537 1076 quidem
558 1012 620 1053 non
642 989 796 1064 nocentia,
819 989 961 1074 quaedam
981 986 1136 1063 nocentia,
1160 993 1193 1050 et
1215 985 1402 1070 reliquorum

245 1091 493 1177 corrumpentia;
518 1099 551 1155 et
574 1091 717 1176 quaedam
732 1090 856 1176 quidem
871 1088 1130 1176 superterrestria,
1148 1085 1296 1173 quaedam
1310 1107 1401 1170 aqua·

245 1194 322 1270 tilia,
346 1193 488 1279 quedam
510 1194 655 1272 volatilia,
683 1193 826 1279 quaedam
855 1192 1014 1257 crelestia:
1041 1191 1184 1255 similiter
1214 1198 1248 1254 et
1278 1189 1401 1252 AEunas

246 1297 409 1362 ostendere
431 1298 545 1361 debent
560 1297 639 1362 tales
660 1297 775 1362 habere
789 1296 980 1372 affectiones,
1000 1295 1026 1359 si
1042 1295 1166 1381 quidem
1188 1293 1260 1358 haec
1283 1292 1401 1356 illorum

195 1433 201 1446 ·
246 1401 399 1486 imagines
412 1409 497 1465 sunt.
542 1397 1401 1487 Etiqnuautemoeemeaqn0m²praparavit1²aer

246 1501 366 1568 diabole
380 1512 409 1567 et
422 1502 538 1588 angelis
552 1503 624 1588 ejus,
640 1503 729 1587 eujus
744 1525 851 1568 eorum
865 1504 918 1590 qui
933 1512 1006 1567 sunt
1021 1523 1143 1566 sursum
1156 1501 1286 1564 AEoncs
1301 1499 1401 1585 imago

245 1606 289 1670 sit
302 1605 497 1692 interpretari
516 1607 649 1671 debent:
673 1613 706 1671 et
728 1606 794 1692 ipse
810 1606 893 1670 euim
914 1605 947 1669 in
966 1604 1144 1670 conditione
1158 1611 1353 1668 numeratur.

313 1713 343 1773 2.
389 1709 422 1773 Si
438 1717 543 1774 autem
558 1709 797 1796 excogitationis
816 1709 951 1795 ejusqui
966 1729 1077 1794 passus
1096 1715 1146 1771 est
1159 1706 1281 1770 AEonis
1299 1704 1401 1769 dicent

246 1813 399 1899 imagines
413 1813 481 1877 hacc
495 1835 574 1890 esse,
590 1812 722 1897 primum
738 1811 863 1899 quidem
877 1811 971 1897 impie
985 1820 1080 1897 agent
1093 1809 1245 1875 adversus
1264 1808 1400 1871 Matrem

245 1936 346 1992 suam,
361 1915 529 1981 ³malorum
545 1924 577 1980 et
592 1915 836 2001 corruptibilium
851 1914 1019 2001 imaginum
1035 1912 1236 1977 initiatricem
1250 1933 1321 1976 esse
1336 1932 1400 1975 earn

245 2017 394 2083 diceutes.
440 2018 563 2083 Deinde
582 2026 688 2082 autem
714 2040 845 2105 eaquae
874 2026 948 2082 sunt
971 2017 1078 2094 multa,
1104 2025 1138 2081 et
1167 2014 1343 2091 dissimilia,
1371 2021 1400 2077 et

245 2119 401 2184 contraria
421 2127 542 2195 natura,
558 2141 693 2205 quonam
708 2120 801 2183 modo
816 2119 907 2183 unius
926 2126 958 2184 et
978 2119 1116 2205 ejusdem
1131 2115 1280 2203 imaginis
1294 2116 1400 2180 erunt!

247 2222 293 2287 Et
310 2222 337 2287 si
359 2222 545 2287 Pleromatis
570 2222 700 2309 angelos
720 2223 836 2287 multos
857 2244 926 2287 esse
947 2222 1062 2299 dicent,
1077 2229 1110 2285 et
1127 2221 1241 2285 horum
1263 2218 1399 2305 illaque

246 2333 320 2389 sunt
335 2325 433 2389 multa
447 2324 599 2412 imagines
613 2347 691 2402 esse,
706 2347 764 2390 nec
779 2325 824 2390 sic
839 2325 885 2390 eis
898 2325 1055 2390 constabit
1069 2325 1158 2388 ratio.
1191 2322 1303 2386 Primo
1321 2319 1399 2385 euim

246 2427 435 2492 differentias
474 2426 659 2491 Pleromatis
691 2426 873 2514 angelorum
910 2427 1080 2491 contrarias
1115 2425 1251 2489 invicem
1288 2423 1400 2487 debent

247 2530 422 2605 ostendere,
456 2528 717 2616 quemadmodum
753 2537 786 2593 et
822 2530 1019 2616 subjacentes
1055 2527 1207 2613 imagines
1238 2523 1400 2590 contrariae

245 2640 366 2694 naturae
380 2630 511 2694 invicem
527 2638 611 2695 sunt.
648 2629 770 2697 Deinde
785 2640 889 2694 autem
905 2652 976 2694 cum
991 2629 1054 2693 sint
1069 2627 1158 2692 multi
1173 2636 1206 2692 et
1226 2627 1400 2691 inunmera-

246 2731 323 2796 biles
349 2731 431 2795 circa
455 2732 606 2795 factorem
637 2731 751 2818 augeli,
780 2732 1040 2818 quemadmodum
1068 2752 1177 2795 omues
1214 2729 1402 2794 confitentur

177 2865 182 2875 ·
215 2865 220 2876 ·
246 2832 416 2921 prophetae,
432 2833 529 2896 4αῖιιιιι
544 2834 646 2898 millia
661 2834 772 2898 denum
788 2835 921 2898 millium
935 2835 1075 2898 assistere
1088 2834 1127 2910 ei,
1143 2842 1171 2896 et
1185 2831 1286 2896 ιιιιιῖια
1302 2831 1402 2896 minio

244 2937 379 3000 mill-ium
393 2936 570 2999 miniatrore
581 2937 626 3010 ei,-
643 2945 677 3000 et
691 2937 861 3001 secundum
875 2959 939 3013 eos,
957 2935 1142 3002 Pleromatis
1156 2935 1261 3021 augeli
1276 2934 1402 3020 angelos

244 3039 371 3105 iacturis
390 3037 542 3124 imagines
557 3038 727 3115 habebunt,
741 3039 789 3102 5ει
805 3048 912 3103 manet
927 3039 1064 3103 conditio
1080 3038 1202 3124 integra
1218 3037 1251 3100 in
1267 3036 1402 3122 imagine

245 3139 442 3218 Pleromatis,
461 3140 529 3224 jam
550 3162 613 3203 nou
635 3139 896 3224 consequentibus
921 3162 991 3204 xxx
1004 3140 1140 3206 ⁶AEonis
1159 3138 1225 3229 [in]
1250 3138 1402 3203 multifor-

245 3263 327 3306 mem
343 3241 529 3307 conditionis
543 3240 736 3306 varietatem.

293 3445 365 3493 1ΑΒ.
378 3445 491 3507 aurifera.
845 3455 866 3498 et
888 3449 1008 3512 ustitiam
1027 3449 1227 3500 Almndriaum
1246 3450 1386 3515 Epistolu'
1376 3465 1402 3498 ιιι

293 3542 372 3592 ’For
388 3525 552 3621 Q,
572 3545 615 3608 qm·
630 3553 736 3609 pamm
753 3554 792 3608 m
846 3531 990 3594 Symbolum
1030 3533 1103 3582 Aa·
1092 3550 1121 3581 ιιι
1137 3533 1193 3594 itta,
1217 3550 1271 3597 puoe
1287 3535 1344 3597 jam
1361 3533 1402 3582 tul

846 3614 943 3662 aornim
965 3614 1042 3663 LXX
1062 3614 1226 3677 [atomum
1247 3623 1331 3676 mut,
1355 3632 1401 3664 ner·

244 3664 371 3714 Issffllffl
399 3666 458 3715 md
485 3645 546 3740 lsi
581 3657 698 3743 ahl?
728 3685 796 3732 qm
845 3696 919 3757 aione,
936 3698 1099 3746 conterritam·
1118 3697 1247 3760 urcldypo
1264 3698 1379 3760 legitur
1368 3714 1402 3746 ιιι·

241 3766 342 3827 pararit
359 3767 441 3827 Pater,
463 3784 491 3817 or
509 3751 603 3842 42]
628 3769 703 3818 Pater
719 3785 792 3833 mut,
846 3777 1016 3827 termordinc:
1010 3781 1106 3840 χίλιαι
1117 3780 1227 3840 χιλιάδες
1238 3781 1402 3841 ἐλειτούργουν

244 3865 271 3897 as
285 3851 350 3913 inp.
365 3851 419 3911 263,
435 3854 665 3904 Gaauu’sedition.
847 3863 919 3921 αὐτῷ,
935 3863 974 3909 rel
985 3879 1066 3924 nuptae
1076 3862 1187 3923 μυριάδες
1199 3865 1402 3924 raperer-rtrum

294 3929 304 3962 ³
320 3933 381 3991 AB„
396 3935 442 3982 but
453 3935 496 3984 Cu.
510 3937 640 3987 mularum.
847 3944 919 4003 αὐτῷ.
955 3942 1044 4004 Confer
1059 3941 1089 3990 de
1104 3943 1178 3991 curin
1192 3943 1266 4005 ltrp'm
1281 3944 1331 3994 loci
1347 3945 1400 3994 cito·

291 4012 391 4062 4Πειιιι
413 4016 494 4064 millia
520 4021 561 4068 ec.
595 4020 655 4069 Hac
681 4021 797 4071 Danielis
846 4023 908 4071 tione
928 4023 1037 4072 Goelerit
1054 4031 1124 4073 notos
1143 4025 1179 4073 od
1200 4025 1335 4076 laudatam
1353 4027 1400 4077 Clae·

241 4095 312 4144 verda
337 4096 414 4144 Grmcc
435 4097 553 4147 labentur
574 4100 602 4148 in
624 4102 649 4150 S.
671 4101 797 4151 Clementia
846 4106 931 4154 mamm
941 4105 1083 4168 Epi-stolam..
1119 4105 1224 4156 Gerra.

241 4179 318 4242 Epist.
337 4179 371 4228 ad
389 4180 499 4231 Corirttl.
518 4198 572 4244 cap.
593 4198 632 4245 34.
662 4185 730 4244 λέγει
746 4187 796 4247 γὰρ
895 4185 975 4234 l'l'hc
989 4188 1121 4251 reasoning
1135 4188 1164 4236 oi
1179 4189 1311 4239 Imaus
1327 4205 1400 4239 aceras

242 4261 361 4324 ἠγριιφή·
379 4266 460 4324 μύριαι
471 4264 582 4325 μυριάδες
593 4268 796 4327 παρειστήκεισαν
846 4274 873 4318 ιο
889 4269 920 4316 be
938 4268 996 4318 this.
1031 4269 1174 4333 According
1191 4275 1219 4319 to
1237 4272 1282 4320 the
1300 4271 1400 4321 Guoetic

242 4346 315 4405 αὐτῷ,
341 4346 381 4392 και
402 4346 480 4405 χίλιαι
502 4348 608 4405 χιλιάδες
631 4349 796 4409 ἐλειτούργουν
845 4351 934 4415 theory
956 4351 999 4398 the
1021 4350 1102 4398 AEous
1124 4351 1175 4400 aud
1197 4354 1287 4417 angela
1309 4354 1338 4403 of
1361 4354 1399 4402 the

242 4428 315 4486 adro.
349 4427 427 4489 Atque
438 4428 474 4475 ito
485 4427 557 4476 etium
566 4428 637 4490 opud
654 4428 795 4491 Gregorium
846 4433 961 4482 Pleroma
971 4450 1034 4482 were
1045 4435 1237 4498 homoganeous.
1263 4437 1399 4502 Theywart

240 4506 376 4570 Νμιιειιιιιιι
398 4507 489 4559 Heneti.
509 4521 568 4558 vm.
587 4509 617 4558 ιἰι
638 4511 794 4561 Bcchaiuaten
846 4515 898 4564 also
915 4517 959 4564 the
976 4515 1123 4580 archetypos
1142 4517 1172 4566 of
1186 4518 1275 4584 things
1294 4517 1397 4569 aaut
