2954 4986
250 309 299 384 48
682 328 972 383 mnunrvroauu

351 483 361 512 t
414 484 424 513 t
497 485 507 514 i

93 505 231 592 ssfffflss
251 485 366 559 'Atta
384 519 445 560 τον
468 518 527 572 μεν
551 484 766 586 Δημιουργόν
787 483 854 558 vida
874 489 934 570 τῆς
954 483 1098 586 Μητρὸς
1122 485 1227 557 αι’κτῶν
1251 485 1404 577 λέγουσι,

87 598 312 686 Qvlv
335 599 371 671 δὲ
393 597 657 700 κοσμοκράτορα
679 600 806 682 κτίσμα
828 605 891 671 τοῦ
918 601 1142 697 Δημιουργοῦ·
1176 598 1231 668 καὶ
1264 596 1325 669 τὸν
1348 595 1407 680 μὲν
1417 616 1471 661 (Ην

249 710 512 812 κοσμοκράτορα
536 713 706 804 γινώσκειν
733 710 779 783 τὰ
801 710 883 811 ὑπὲρ
901 710 1010 795 αύτὸν,
1035 712 1088 782 ὅτι
1118 706 1262 794 ιπνεῦμαί
1293 706 1407 815 [πνευ-

249 821 395 930 ματικά]
425 827 500 897 ε’στι
529 828 588 908 τῆς
611 824 776 923 πονηρίας·
806 822 866 896 τὸν
879 822 913 894 δὲ
938 821 1151 922 Δημιουργόν
1179 824 1321 914 ἀγνοεῖν,
1345 821 1407 892 ὅτε

251 935 384 1034 duxeris
414 934 623 1036 ὑπάρχοντα.
675 938 786 1007 Οἰκεῖν
811 935 846 1006 δὲ
873 937 934 1019 την
962 937 1108 1034 Μητέρα
1138 936 1243 1006 αύτιῗιν
1270 939 1314 1011 εἷς
1347 933 1407 1006 τὸν

249 1048 483 1148 ύπερουρύνιον
500 1052 618 1133 τόπον,
638 1050 818 1120 τουτέστιν
835 1051 868 1118 ἐν
890 1052 933 1142 τῇ
950 1050 1127 1132 μεσότητι·
1159 1047 1221 1118 τὸν
1239 1049 1406 1146 Δημιουρ-

251 1160 314 1253 yda
334 1161 369 1232 δὲ
392 1167 435 1240 είς
462 1160 524 1233 τὸν
553 1159 803 1260 ’ύπερονρᾶνιον
829 1155 1072 1267 [ἕτονριίνιοω]
1101 1161 1283 1231 τουτέστιν
1309 1162 1342 1230 ἐν
1363 1162 1405 1252 τῇ

251 1271 423 1361 ἔβάομύὸι·
450 1273 512 1346 τὸν
531 1272 566 1344 dd
586 1271 847 1373 παντοκράτορα
875 1266 1174 1380 [κοσμοκράτορα]
1200 1274 1233 1342 ἐν
1256 1280 1309 1362 τῷ
1333 1275 1405 1343 καθ’

250 1388 332 1469 ἡμᾶς
352 1389 476 1478 κόσμῳ.
507 1386 572 1457 Ἐκ
589 1383 623 1456 δὲ
641 1395 699 1469 τῆς
719 1383 902 1480 ἐκπλήξεως
918 1385 971 1456 καί
988 1393 1045 1469 τῆς
1063 1385 1245 1481 ἀμηχανίας
1262 1381 1304 1491 [l.
1321 1386 1404 1455 ἆτο-

249 1493 351 1602 ρίας],
370 1503 410 1577 ὡς
429 1501 463 1570 ε’κ
482 1505 545 1572 τοῦ
561 1498 772 1598 ἆσημοπέρον
794 1496 839 1571 τὰ
862 1496 1044 1582 σωματικὰ,
1064 1500 1169 1574 καθώς
1188 1499 1401 1596 προείπαμεν,

250 1616 314 1682 ποῦ
329 1613 457 1696 κόσμου
474 1622 629 1708 στοιχεῖα
650 1612 833 1703 γεγονέναι·
856 1611 916 1693 την
934 1607 976 1717 [l.
992 1605 1073 1715 γῆν]
1093 1609 1152 1694 μὲν
1168 1608 1255 1681 κατὰ
1276 1619 1335 1693 τῆς
1356 1612 1403 1680 ἐκ·

250 1722 400 1818 πλήξεως
424 1721 558 1836 στάσιν,
583 1722 666 1823 ύάωρ
692 1720 727 1794 di
755 1721 842 1795 κατὰ
864 1725 925 1806 την
945 1729 1008 1795 τοῦ
1031 1725 1147 1822 φόβον
1171 1727 1237 1795 τῶν
1262 1722 1402 1821 δακρύων

251 1828 302 1950 [d.
321 1843 387 1910 τῶν
404 1830 565 1941 δακρύων]
588 1837 719 1922 κίνησιν,
739 1836 840 1935 θᾶἐρα
860 1867 900 1907 τε
916 1833 1004 1908 κατὰ
1020 1836 1081 1919 τὴν
1104 1837 1209 1918 λύπης
1226 1833 1336 1929 πῆξιν·
1362 1834 1403 1907 τὸ

252 2066 462 2154 Demiurgum
473 2064 601 2152 quidem
617 2063 800 2151 psychicum
816 2063 916 2129 filium
932 2063 1122 2130 matrissuae
1139 2063 1261 2139 dicunt,
1275 2064 1403 2129 Cosmu-

250 2175 410 2234 cratorem
427 2189 502 2232 vero
518 2174 700 2231 creaturam
718 2163 905 2250 Demiurgi:
932 2175 965 2230 et
982 2165 1257 2230 cosmocratorem
1276 2165 1404 2250 quidem

250 2267 428 2353 intelligere
445 2287 483 2330 ea
499 2287 570 2351 quae
587 2271 663 2329 sunt
679 2286 775 2349 supra
788 2286 870 2342 eum,
885 2264 1032 2349 quoniam
1047 2264 1090 2329 sit
1102 2264 1254 2350 spiritalis
1267 2264 1402 2340 malitia;

252 2365 462 2452 Demiurgum
480 2387 554 2429 vero
571 2363 728 2451 ignorare,
747 2385 820 2427 cum
834 2364 877 2428 ait
894 2363 1045 2429 animalis.
1082 2363 1242 2429 Habitare
1261 2362 1402 2451 [autem]

246 2473 386 2546 ‚matrem
404 2464 530 2550 quidem
546 2463 685 2550 ipsorum
703 2462 736 2527 in
753 2484 791 2527 eo
809 2463 862 2547 qui
879 2463 921 2528 sit
938 2463 1074 2529 coelestis
1095 2462 1136 2558 [l.
1148 2457 1401 2551 supercoelestis]

249 2566 346 2640 locus,
365 2564 425 2628 hoc
448 2571 497 2628 est
522 2563 556 2627 in
581 2562 772 2639 medietate;
801 2561 1011 2650 Demiurgum
1026 2586 1100 2628 vero
1117 2563 1150 2627 in
1170 2585 1208 2628 eo
1231 2563 1285 2649 qui
1307 2563 1403 2628 sitin

249 2664 330 2730 ooelo
346 2664 443 2741 locus,
459 2663 519 2727 hoc
536 2669 586 2728 est
602 2661 820 2726 hebdomade:
848 2663 1119 2728 Cosmocratorem
1136 2685 1212 2728 vero
1235 2664 1268 2727 in
1293 2663 1403 2748 ecqui

249 2763 292 2828 sit
317 2764 490 2828 secundum
516 2783 575 2827 nos
596 2761 724 2825 mundo.
779 2761 830 2826 De
858 2762 1098 2848 expavescentia
1122 2785 1197 2828 vero
1223 2771 1257 2828 et
1282 2763 1403 2848 aporia,

249 2862 340 2949 qnasi
357 2862 397 2926 de
410 2861 574 2940 vesaniori,
588 2860 774 2946 corporalia,
789 2863 1054 2946 quemadmodum
1065 2862 1279 2947 praediximus,
1292 2861 1405 2926 mundi

249 2963 408 3028 elementa
441 2961 527 3026 sacta
560 2983 647 3026 esse:
685 2967 806 3025 terram
837 2983 912 3026 vero
948 2961 1120 3026 secundum
1153 2962 1404 3047 expavescentia

248 3071 380 3134 statum,
393 3080 509 3148 aquam
521 3084 594 3126 vero
611 3061 784 3126 secundum
793 3059 916 3125 timoris
933 3069 1067 3136 motum,
1084 3068 1192 3126 adrem
1207 3084 1283 3127 vero
1295 3083 1403 3126 secun·

248 3163 324 3228 dum
336 3162 480 3228 materiae
493 3158 703 3250 [⁴moestitiae]
714 3159 878 3225 fixionem:
895 3160 1002 3248 ignem
1012 3183 1086 3226 vero
1098 3161 1244 3226 omnibus
1256 3161 1294 3226 iis
1304 3161 1404 3226 inesse

297 3378 675 3442 1Ιωηςεοιαῐιίαο,πνευματικά,
688 3395 803 3442 compare
852 3380 996 3430 distinction
1012 3380 1033 3430 is
1056 3379 1186 3444 expremod
1207 3379 1241 3443 by
1261 3379 1304 3428 the
1326 3383 1404 3428 trane

249 3460 351 3525 Ephvi.
364 3475 401 3510 rs.
420 3461 592 3508 Teanumarv
603 3476 667 3524 says,
678 3461 801 3509 Munditc·
852 3461 932 3522 lator;
949 3463 992 3511 the
1003 3463 1114 3527 superior
1123 3461 1198 3525 grade
1213 3462 1245 3510 he
1259 3462 1360 3510 rendere
1370 3462 1404 3525 by

248 3549 339 3591 aenum
357 3540 490 3604 appeltam,
509 3547 530 3589 et
551 3541 703 3602 superiorum
723 3540 803 3602 πιαηίι
853 3544 955 3605 eoelestia,
968 3560 1076 3592 ormorc
1094 3543 1224 3608 probably,
1237 3543 1273 3607 by
1290 3558 1404 3605 superere-

246 3638 354 3685 ρτιοκνια
365 3621 506 3684 defenderat,
519 3629 545 3669 ut
556 3621 691 3685 spiritalem
702 3627 800 3682 actm,
853 3623 934 3682 teatin
955 3625 998 3674 the
1020 3625 1120 3673 inferior
1141 3625 1175 3688 by
1194 3623 1237 3686 qui
1258 3623 1289 3671 sit
1306 3623 1335 3671 ia
1352 3623 1406 3671 οαὶο

248 3721 322 3769 pacm
333 3704 496 3766 Demiurgum
507 3710 533 3751 ut
544 3703 683 3753 aaaimolem.
852 3705 933 3762 locem
960 3708 1003 3756 the
1025 3722 1072 3755 one
1094 3707 1115 3755 is
1136 3705 1251 3767 ἐιεονεαῑη
1273 3721 1302 3753 or
1322 3719 1404 3767 eaper-

297 3787 497 3850 ’ὑπερουράνιοη
531 3787 668 3849 ἐπουράνια
695 3785 717 3834 is
747 3802 802 3850 pro·
852 3787 961 3849 mal,
981 3787 1160 3836 theotheria
1176 3785 1273 3836 Ιιεανεα.
1315 3786 1405 3845 θοίναν,

248 3870 325 3936 posed
342 3886 369 3918 as
389 3886 404 3917 a
420 3869 555 3933 preferable
571 3868 681 3932 reading,
701 3867 803 3916 audior
853 3884 910 3933 says
926 3870 1097 3917 harumna
1113 3868 1142 3916 ol
1155 3869 1197 3916 the
1214 3867 1361 3931 Demiurge,
1379 3867 1407 3915 in

248 3954 292 4002 the
311 3952 437 4015 following
455 3967 561 4000 reasons,
595 3952 649 3999 The
668 3951 760 4000 habim
776 3950 806 3999 of
852 3949 1408 4006 laedomadmanndmatarmediaaam

247 4033 391 4084 Achamoth
414 4048 464 4081 was
486 4032 591 4081 without
612 4033 655 4080 the
678 4032 800 4092 Pleroma,
855 4032 999 4090 Achamoth,
1008 4033 1091 4094 fitium
1103 4033 1207 4082 εαίεαιιε.

248 4117 295 4167 but
305 4117 384 4166 above
397 4116 440 4164 the
452 4131 526 4163 seven
539 4116 655 4175 heavens,
676 4119 703 4163 tc
720 4115 801 4163 which
896 4114 908 4147 ⁸
925 4116 1046 4179 Compare
1057 4117 1100 4164 the
1111 4115 1174 4164 Did.
1190 4116 1231 4166 Or.
1244 4115 1258 4174 ἓ
1270 4116 1311 4176 48,
1327 4115 1370 4163 Ἔν
1381 4115 1407 4163 δέ

247 4201 291 4251 the
309 4206 373 4250 tem]
393 4200 557 4262 ὑπερονράνιος
573 4198 679 4262 applies;
696 4199 742 4247 but
759 4199 802 4248 the
854 4199 903 4248 τοῖς
910 4200 974 4260 τρισὶ
981 4200 1108 4259 στοιχείοις
1115 4198 1144 4246 τὸ
1153 4200 1200 4260 πῦρ
1207 4199 1356 4259 ἐναιωρεῖται
1367 4198 1408 4245 καί

248 4283 385 4346 Demiurge
402 4298 453 4331 was
471 4282 500 4330 of
512 4297 545 4330 an
563 4281 665 4328 inferior
682 4281 798 4344 position.
854 4282 998 4342 ἐνέσπαμται
1014 4281 1054 4329 καί
1071 4281 1211 4340 ἐμφωλεάει,
1232 4280 1272 4328 καί
1291 4275 1338 4327 ὑπὸ
1355 4280 1408 4326 τού

248 4365 291 4414 He
307 4381 362 4429 was!
373 4364 451 4413 above
466 4362 508 4426 (ὧν
525 4363 611 4422 ἐπάνω,
631 4361 656 4426 9)
672 4362 715 4410 the
726 4377 800 4410 seven
852 4379 901 4410 των
910 4362 1047 4421 ἐξάπτεται,
1063 4361 1103 4409 καὶ
1114 4363 1206 4410 τούτοις
1217 4361 1406 4418 ἐπαποθνήσκει.

248 4446 363 4506 heavens,
383 4443 479 4506 though
496 4446 542 4490 not
558 4441 664 4489 exterior
680 4446 707 4490 to
721 4442 796 4501 them,
901 4441 913 4471 ⁴
930 4442 968 4491 cf.
981 4442 1061 4491 Tuan.
1074 4443 1103 4491 si
1119 4447 1204 4491 aona
1223 4441 1297 4490 ιἐιιιοι
1310 4439 1408 4503 septae

248 4543 281 4576 an
294 4527 350 4576 ideo
365 4524 494 4591 expressed
510 4523 544 4588 by
561 4523 704 4587 ἐπουράνιος.
738 4522 800 4571 This
853 4519 964 4570 mathia
974 4520 1077 4571 ςοέαιιεί.
1108 4521 1173 4584 5²3.
