2954 4986
517 330 904 388 INTERPRETA'I'IONES.

639 544 792 644 mae.
1370 655 1379 692 ι

416 715 603 806 Quomodo
628 717 766 791 solvunt
786 718 1000 817 parabolae.

30 914 106 999 {³1¹3ss
214 912 244 960 1.
289 891 402 962 ΤΗΝ
421 890 474 963 οδν
494 893 622 985 γεύεσιυ
639 899 706 964 τῶν
722 893 858 965 Αἶάνων
875 895 989 978 αδτῶν,
1010 893 1063 965 xci
1081 896 1142 978 τὴν
1159 892 1287 980 πλάνην

29 1008 97 1097 {3¹⁶7}
129 1008 194 1075 τοῦ
221 1002 411 1103 προβάτου,
441 1006 494 1076 καὶ
513 1006 686 1104 ἀνεύρεσιν,
713 1008 892 1084 ἑνώσαντες
916 1008 970 1078 ἐπὶ
989 1006 1032 1079 τδ
1056 1007 1146 1092 cled,
1167 1040 1287 1091 μυστι-

129 1118 275 1215 κιδτερον
303 1119 527 1216 ἐπιχειροῦσιν
555 1118 791 1210 ἀπαγγέλλειν
813 1121 906 1192 οὖτοι
930 1123 963 1191 οἵ
992 1123 1035 1196 εἷς
1059 1121 1216 1219 ἆριθμοδς
1241 1119 1286 1195 τά

127 1226 241 1301 πάντα
261 1227 478 1322 κατάγοντες,
504 1231 538 1300 εἰς
557 1228 698 1314 μονάδος
719 1232 773 1302 καὶ
798 1230 912 1309 δυάδος
935 1229 1125 1332 φάσκοντες
1149 1232 1194 1306 τά
1219 1235 1286 1306 ὅλα

130 1344 359 1424 συνεστηκέναι
401 1339 471 1449 [H.
503 1338 733 1448 συνεστάναι]·
767 1345 820 1415 καὶ
858 1343 927 1415 άπδ
961 1343 1103 1428 μονάδος
1136 1348 1192 1423 ἕως
1220 1352 1287 1418 τῶν

129 1451 306 1551 τεσσάρων
324 1455 540 1553 ἆριθμοῦντες
558 1454 644 1527 οὕτω
664 1461 800 1548 γεννῶσι
828 1456 888 1540 τὴν
915 1455 1042 1528 δεκάδα.
1083 1458 1179 1529 ῘΜιά
1205 1457 1283 1559 γάρ,

129 1566 183 1637 καὶ
204 1564 269 1651 llo,
285 1567 339 1637 καὶ
358 1578 456 1667 τρεῖς,
477 1568 530 1638 καὶ
553 1569 727 1668 τέσσαρες,
746 1573 955 1640 συντεθεῖσαι
977 1570 1031 1640 ε’πὶ
1049 1568 1092 1641 τδ
1112 1569 1203 1654 ade-d,
1224 1570 1286 1643 τδν

129 1685 196 1752 τῶν
215 1677 291 1751 δέκα
310 1679 445 1751 Αἰώνυιν
463 1680 649 1763 ἆπεκῦησαν
668 1682 820 1780 ἀριθμόν.
859 1679 974 1752 Πάλιν
992 1680 1018 1752 δ
1038 1679 1078 1752 αδ
1096 1687 1114 1765 ἡ
1133 1681 1206 1760 δυάς
1225 1683 1283 1755 ἆτ’

130 1793 228 1875 αὐτῆς
257 1797 474 1891 προελθοῦσα
506 1793 562 1869 ἕως
586 1799 650 1864 τοῦ
671 1795 863 1878 ’ἐπισήμου
885 1791 955 1864 οἷον
975 1792 1031 1864 δύο
1047 1795 1102 1864 καὶ
1119 1796 1284 1894 τέσσαρες

128 1904 182 1974 καὶ
210 1902 259 1998 ἓξ,
285 1906 344 1989 τὴν
370 1902 533 1976 δωδεκάδα
563 1902 724 2000 ἆπέδειξε.
764 1906 836 1978 Kal
863 1902 967 1977 πάλιν
992 1906 1061 1978 άπδ
1087 1915 1146 1989 τῆς
1169 1905 1284 1986 δυάδος

611 2163 711 2230 ΟΑΡ.
739 2163 804 2227 ΙΧ.

207 2317 236 2380 1.
278 2314 531 2380 Gmmamoaeu
548 2313 658 2400 itaque
675 2314 826 2392 AEonum,
843 2319 877 2379 et
892 2335 1033 2379 errorem
1050 2313 1126 2393 ovis,
1144 2320 1178 2380 et
1195 2314 1284 2380 adin·

128 2415 318 2492 motionem,
342 2416 520 2480 adunantes
545 2414 578 2478 in
604 2435 712 2488 unum,
735 2413 867 2499 mystice
892 2414 1013 2480 audent
1034 2414 1226 2480 annunciare
1249 2414 1283 2479 hi

127 2513 181 2600 qui
198 2515 230 2578 in
248 2536 395 2580 numeros
409 2515 516 2579 omnia
531 2514 741 2589 deduxerunt,
755 2515 795 2577 de
808 2515 944 2578 monade
961 2523 995 2578 et
1009 2515 1165 2580 dualitate
1178 2515 1282 2580 dicen·

127 2621 177 2678 tes
193 2615 300 2680 omnia
316 2623 477 2680 constare:
503 2621 537 2679 et
554 2637 574 2679 a
591 2614 726 2678 monade
743 2636 842 2698 usque
858 2615 899 2678 ad
914 2621 1052 2700 quatuor
1068 2622 1281 2693 numerantes,

127 2714 171 2779 eic
187 2721 343 2802 generant
361 2715 522 2779 decadem.
566 2713 676 2777 Unum
693 2712 778 2777 enim
795 2720 829 2778 et
846 2714 919 2787 duo,
936 2721 970 2778 et
987 2721 1062 2788 trec,
1082 2723 1115 2779 et
1133 2723 1280 2800 quatuor,

127 2812 159 2878 in
189 2836 289 2879 unum
318 2814 512 2900 compositae,
537 2813 646 2879 decem
678 2815 817 2877 AEonum
844 2821 1077 2900 generaverunt
1104 2836 1281 2880 numerum.

129 2912 252 2979 Rureue
271 2927 380 2979 autem
403 2914 540 2980 dualitas
556 2915 598 2978 ab
619 2935 658 2977 ea
674 2934 842 2998 progressa
856 2935 955 2998 usque
972 2914 1014 2977 ad
1031 2913 1200 2998 epieemom
1218 2915 1282 2979 duo

127 3021 161 3078 et
177 3021 316 3100 quatuor
331 3023 366 3079 et
382 3037 449 3091 εοκ,
467 3014 682 3078 duodecadem
698 3013 849 3077 ostendit.
903 3013 948 3076 Et
966 3035 1074 3075 eureus
1091 3035 1111 3076 a
1125 3013 1282 3078 dualitate

128 3232 202 3291 tinus,
216 3231 299 3280 whom
310 3232 341 3280 he
357 3229 534 3295 copiedinthe
544 3229 678 3294 pretended
728 3228 772 3276 the
794 3226 954 3275 Valentinian
977 3227 1112 3275 numezieal
1134 3231 1234 3291 system,
1254 3229 1280 3278 in

127 3314 262 3363 revelation
281 3313 310 3363 of
329 3313 372 3363 the
390 3329 504 3378 supreme
525 3311 628 3372 Tetrae3
650 3327 677 3360 ae
729 3309 810 3357 which
821 3309 864 3357 the
875 3308 952 3357 decad
962 3325 991 3357 or
1002 3309 1178 3373 Pythagorean
1190 3310 1281 3360 τέλειος

128 3393 298 3444 Hmouwe
309 3411 374 3458 eaye,
389 3393 481 3443 Philet.
494 3405 532 3442 VI.
546 3407 576 3454 4²
587 3409 592 3442 :
607 3393 638 3442 '0
653 3393 679 3441 δέ
729 3391 826 3452 ἀριθμὸς
839 3406 887 3439 wae
898 3389 1008 3439 deduced
1017 3390 1081 3439 from
1091 3390 1278 3456 theTetractye.

128 3475 224 3539 Μάρκος
240 3479 381 3536 μιμούμενος
396 3477 438 3525 τὸν
454 3475 600 3524 διδάσκαλον
616 3472 676 3537 (Va-
727 3470 776 3519 Pl.
787 3483 824 3519 vt.
835 3485 879 3532 23:
892 3473 930 3519 δτι
942 3472 967 3520 δέ
979 3473 1019 3520 καὶ
1030 3472 1046 3531 ἡ
1057 3473 1187 3534 τετρακτὺς
1197 3473 1279 3534 γεννᾷ,

127 3556 248 3607 lentinum
258 3557 313 3621 ec),
328 3558 371 3608 διο.
390 3556 516 3605 Iamne
527 3556 578 3604 aleo
589 3555 678 3619 epealm
729 3554 797 3614 φησί,
812 3555 853 3602 τὸν
864 3555 955 3602 τέλειον
966 3555 1071 3616 δμθμδν,
1085 3555 1115 3604 ὡς
1126 3556 1150 3604 έν
1167 3556 1216 3604 τοῖς
1227 3572 1279 3615 eon·

128 3638 156 3686 of
163 3639 215 3687 him
226 3637 375 3701 aemoqletri
387 3637 566 3696 ιοιειιᾶοέοειοι,
581 3653 602 3686 ο.
616 3648 676 3686 vm.
728 3637 778 3685 τοῖς
800 3636 841 3684 τὸν
863 3637 928 3695 δέκα,
954 3636 1105 3685 διδάσκουσα
1127 3637 1209 3686 οὕτως.
1248 3637 1282 3686 m

127 3718 174 3769 We
195 3736 262 3784 may,
286 3720 413 3780 theiefore,
438 3719 516 3783 eafely
538 3719 601 3768 elaea
625 3719 678 3768 him
729 3717 858 3777 ἀρξάμενος
873 3718 979 3778 ἀριθμεῖν
993 3719 1062 3779 λέγει
1078 3736 1114 3768 τις
1130 3719 1168 3767 δτι
1185 3720 1217 3778 έν,
1240 3721 1280 3768 καὶ

129 3801 189 3850 with
199 3802 243 3850 the
259 3801 400 3850 immediate
410 3801 532 3850 followere
546 3800 575 3848 of
586 3799 677 3848 Valen·
728 3799 837 3860 ἐπιφέρει
848 3800 896 3859 δύο,
912 3801 997 3847 έτειτα
1012 3801 1095 3859 ὁμοίως
1106 3802 1168 3863 epla,
1183 3804 1280 3851 ἔσονται

128 3883 202 3942 tinne,
217 3881 267 3931 and
282 3888 327 3931 not
343 3883 404 3932 with
418 3883 462 3932 the
477 3881 620 3946 apostolioal
631 3897 678 3945 age
728 3880 807 3927 ταῦτα
823 3881 857 3938 έξ·
879 3878 938 3942 ecda
954 3882 980 3929 δέ
995 3882 1088 3930 τούτοις
1106 3882 1142 3930 έτι
1159 3883 1276 3946 τέσσαρα,

127 3964 489 4014 uPredeetinatuehaedone.
728 3962 798 4009 ἔσται
813 3961 897 4020 δμοίως
911 3963 940 4010 τδ
955 3963 1010 4023 κᾶν,
1029 3964 1094 4012 δέκα.
1130 3965 1162 4013 Th
1178 3966 1228 4027 γὰρ
1244 3966 1276 4024 έν,
1328 3982 1332 3987 ·

174 4044 185 4077 ¹
201 4045 281 4095 Theee
299 4045 381 4094 wolde
396 4045 456 4094 bear
469 4045 512 4094 the
525 4060 677 4109 appemce
728 4044 777 4103 δύο,
796 4045 860 4105 τρια,
881 4044 998 4106 τέσσαρα,
1019 4046 1113 4106 γίνεται
1132 4047 1190 4094 δέκα
1210 4046 1224 4095 δ
1240 4047 1278 4094 τέ-

127 4126 155 4175 os
162 4127 256 4192 having
266 4128 328 4177 been
338 4126 503 4191 interpolated
516 4128 583 4190 prior
596 4126 677 4175 tothe
727 4125 906 4185 λειοςδμθμδς.
934 4125 1024 4186 Οὕτως,
1040 4128 1108 4188 φησὶ,
1123 4128 1187 4175 κατδ
1198 4126 1280 4176 πάντα

127 4205 291 4264 maelatiom
306 4205 346 4254 for
368 4205 412 4254 the
433 4203 514 4252 words
537 4204 581 4252 ἀπ’
604 4205 678 4263 αὐτῆς
728 4206 863 4265 ἐμιμήσατο
885 4207 1051 4269 ὴτετρακτδς
1069 4209 1113 4266 τὴν
1130 4209 1218 4265 νοητὴν
1239 4223 1279 4262 μο-

127 4286 182 4334 that
203 4287 294 4345 follow,
316 4287 376 4335 bear
397 4286 501 4335 relation
526 4292 554 4336 to
578 4286 678 4345 μονάδος
728 4287 795 4346 addc,
804 4288 897 4336 τέλειον
905 4288 1277 4350 έριθμδνγεννῆσαιδυνηθεῖσαν.

127 4367 181 4416 that
191 4367 306 4432 procedes
316 4368 360 4417 the
370 4384 482 4432 paeeage,
493 4367 574 4416 which
582 4367 677 4416 Hmo·
776 4366 930 4429 ’ἐπισήμου
949 4371 993 4418 the
1010 4370 1100 4432 cipher,
1119 4370 1135 4416 i.
1144 4384 1165 4417 e.
1179 4364 1202 4416 6.
1233 4366 1279 4416 See

127 4459 208 4496 emus
225 4448 300 4496 emite
314 4449 460 4512 altogether.
496 4448 636 4497 Elsewhere
647 4449 677 4496 he
727 4453 785 4497 note
798 4462 820 4510 3,
831 4464 856 4512 p.
868 4461 921 4510 ¹47·
946 4445 1210 4509 Herec÷4÷6=m‚
1228 4448 1279 4498 and

125 4526 682 4595 demonetrateethePythagoreanoriglnos
728 4529 1031 4591 e÷4÷6÷8÷10=3e
