2954 4986
546 347 596 400 na
620 345 847 403 con'mroltn.
1205 337 1278 407 273

1286 529 1339 569 Lm
1346 529 1374 569 11.
1381 530 1409 569 tm
1417 531 1436 571 t.

1303 576 1347 615 GR
1356 576 1385 615 11.
1394 587 1415 615 x.

595 645 696 712 cnr.
721 647 788 712 rx.
1287 623 1431 708 mist*

203 793 264 869 De
286 792 539 893 questionibus
558 807 591 868 et
604 793 810 892 parobolis,
834 794 1012 893 quomodo
1034 809 1198 896 oporteat

430 912 562 987 solvere
579 938 624 986 eo
641 938 719 1010 quo
736 926 956 1011 querantur.

187 1089 218 1150 1.
262 1085 436 1155 Panounn
453 1085 558 1172 itaque
576 1085 755 1151 irrationale
769 1094 829 1164 est,
843 1087 1119 1172 praetermittentes
1133 1111 1205 1153 enm
1220 1090 1273 1175 qni

120 1210 192 1253 vere
207 1195 256 1252 est
271 1187 360 1252 Deus
379 1197 412 1251 et
434 1188 487 1273 qui
506 1189 547 1252 ab
567 1187 712 1252 omuibus
726 1189 821 1252 habet
838 1189 1062 1268 testimonium,
1085 1213 1224 1276 quaerere
1245 1191 1274 1256 si

119 1299 169 1356 est
184 1312 362 1376 supereum
376 1289 404 1354 is
418 1289 471 1375 qni
487 1311 549 1353 non
565 1297 623 1366 est,
646 1299 679 1354 et
701 1290 753 1376 qui
771 1312 789 1354 a
812 1291 935 1356 nemine
952 1314 1089 1379 unquam
1108 1294 1274 1358 annuntia·

119 1401 173 1457 tus
196 1401 256 1458 est.
300 1391 455 1474 Quoniam
474 1391 557 1456 enim
580 1392 745 1456 manifeste
766 1392 843 1455 nibil
865 1393 1047 1463 dictumest
1061 1395 1100 1458 de
1114 1417 1151 1459 eo
1166 1405 1199 1460 et
1214 1395 1274 1481 ipsi

119 1495 333 1561 testimonium
345 1495 521 1581 perhibent:
546 1494 618 1580 quia
637 1502 743 1558 autem
758 1494 931 1578 parabolas,
953 1518 1022 1581 quae
1043 1506 1223 1582 quaeruutur
1241 1506 1275 1563 et

120 1599 197 1684 ipsae
212 1597 366 1683 quomodo
381 1597 474 1661 dictae
488 1595 562 1671 sint,
578 1595 658 1659 male
673 1595 714 1659 ad
731 1617 802 1659 eum
817 1595 869 1680 qui
884 1596 1068 1661 adinventus
1083 1606 1131 1662 est
1142 1599 1183 1662 ab
1198 1599 1276 1683 ipsis

121 1701 388 1786 transfigurantes,
403 1698 498 1762 alium
513 1720 596 1762 nunc
616 1696 668 1783 qui
683 1706 758 1761 ante
772 1719 930 1783 nunquam
945 1699 1094 1784 quaesitus
1113 1710 1163 1765 est
1181 1723 1275 1788 gene-

121 1812 203 1880 rant,
231 1802 429 1867 manifestum
457 1810 516 1866 est.
568 1801 631 1864 Per
659 1800 719 1865 hoc
747 1801 830 1865 enirn
860 1803 942 1887 quod
967 1802 1063 1867 velint
1092 1804 1275 1891 lambiguas

122 1905 279 1970 exsolvere
316 1905 492 1989 Scripturas
522 1903 701 1990 (ambiguas
731 1913 837 1968 autem
866 1926 928 1969 non
957 1905 1045 1991 quasi
1071 1906 1112 1970 ad
1141 1906 1275 1972 alterum

123 2007 237 2083 Deum,
252 2007 307 2071 sed
322 2007 410 2093 quasi
430 2007 470 2070 ad
485 2006 703 2090 dispositiones
718 2005 806 2087 Dei,)
821 2006 953 2071 alterum
969 2008 1073 2072 Deum
1087 2010 1276 2075 ²fabricave·

63 2132 101 2170 no.
122 2123 209 2187 runt;
233 2109 491 2198 quemadmodum
513 2107 721 2192 praediximus,
745 2108 785 2171 de
805 2129 900 2172 arena
921 2110 1084 2175 resticulas
1104 2121 1275 2191 nectentes,

123 2225 156 2280 et
170 2211 335 2301 quaestioni
357 2211 467 2274 minori
486 2210 690 2296 quaestionem
713 2210 862 2295 majorem
883 2212 1120 2299 adgenerantes.
1165 2217 1276 2282 Omnis

123 2331 228 2383 autem
251 2314 381 2402 quaestio
396 2336 458 2378 non
473 2337 528 2399 per
541 2314 626 2378 aliud
640 2314 723 2400 quod
737 2315 886 2400 quaeritur
900 2316 1028 2381 habebit
1045 2319 1274 2398 resolutionem,

123 2443 181 2486 nec
205 2417 394 2505 ambiguitas
416 2440 471 2503 per
493 2418 586 2481 aliam
609 2416 846 2502 ambiguitatem
871 2418 1008 2483 solvetur
1032 2421 1115 2506 apud
1142 2443 1197 2487 eos
1223 2422 1276 2508 qui

123 2546 247 2590 sensum
270 2523 396 2599 habent,
418 2529 474 2585 aut
494 2520 663 2606 aenigmata
684 2542 739 2606 per
760 2519 844 2584 aliud
865 2522 966 2605 majus
986 2524 1138 2609 aenigma3
1163 2525 1219 2589 sed
1238 2547 1277 2591 ea

123 2648 194 2714 quae
208 2634 282 2690 sunt
295 2623 371 2688 talia
385 2645 425 2688 ex
439 2622 611 2687 manifestis
633 2631 666 2686 et
687 2623 931 2689 consonantibus
952 2633 985 2690 et
1006 2625 1098 2690 claris
1118 2627 1277 2714 accipiunt

123 2731 344 2797 absolutiones.

189 2839 218 2899 2.
267 2834 312 2897 Hi
335 2839 441 2897 autem
467 2839 642 2918 quaerentes
665 2832 824 2897 exsolvere
847 2832 1025 2918 Scripturas
1048 2840 1081 2898 et
1102 2834 1275 2920 parabolas,

123 2939 253 3003 alteram
274 2937 425 3022 majorem
447 2944 481 2998 et
502 2934 630 3020 impiam
656 2934 860 3020 quaestionem
885 2935 1097 3014 introducunt,
1123 2937 1277 3023 siquidem

123 3062 217 3126 super
230 3037 337 3102 mundi
359 3035 575 3101 fabricatorem
595 3036 694 3099 Deum
713 3035 793 3100 alius
811 3035 853 3099 sit
876 3035 975 3112 Deus,
999 3058 1062 3100 non
1081 3036 1278 3102 exsolventes

124 3142 321 3230 quaestiones,
340 3139 437 3224 (unde
457 3138 576 3221 eniml)
595 3138 652 3202 sed
666 3137 776 3202 minori
792 3137 956 3223 quaestioni
970 3159 1116 3224 magnam
1131 3139 1277 3224 quaestio·

123 3268 196 3310 nem
220 3252 431 3320 annectentes,
454 3250 487 3306 et
511 3242 626 3306 nodum
652 3241 847 3305 insolubilem
873 3240 1056 3306 inserentes.
1099 3241 1171 3305 ⁸Ut
1193 3242 1278 3307 enim

123 3349 225 3414 sciant
245 3348 304 3412 hoc
324 3347 426 3432 ipsum
445 3344 535 3420 scire,
559 3344 643 3430 qnod
667 3343 775 3430 utique
795 3341 925 3429 triginta
946 3364 1098 3407 annorum
1123 3342 1278 3410 Dominus

123 3451 209 3515 venit
229 3449 271 3513 ad
292 3447 480 3533 baptismum
506 3445 657 3523 veritatis,
679 3445 740 3509 hoc
766 3466 828 3509 non
852 3444 1016 3521 discentes,
1042 3444 1143 3530 ipsum
1173 3446 1278 3512 Deum

52 3570 106 3613 ,ιιι
123 3551 349 3626 fabricatorem,
365 3549 417 3634 qui
432 3546 518 3612 misit
534 3568 606 3611 eum
620 3546 661 3611 ad
675 3546 808 3611 salutem
829 3545 1000 3622 hominum,
1023 3545 1119 3632 impie
1139 3557 1277 3612 contem·

124 3662 217 3717 nunt:
249 3661 282 3716 et
308 3660 343 3715 ut
366 3659 515 3736 putentur
540 3669 632 3734 posse
652 3668 797 3712 enarrare
821 3647 906 3711 unde
926 3647 1103 3712 substantia
1127 3649 1277 3729 materiae,

173 3816 184 3848 ¹
202 3818 226 3864 al
245 3817 340 3878 γραφαὶ
360 3813 434 3864 αὐτοῦ
449 3813 557 3873 μεγάλαι
578 3813 622 3871 μὲν
636 3813 676 3860 καὶ
726 3810 828 3860 Gnate.

125 3899 309 3960 πεπληρωμέναι
324 3895 447 3955 νοημάτων
463 3894 522 3942 εἰσὶν
538 3893 677 3954 ἀπορρήτων
774 3891 786 3922 ¹
802 3893 854 3941 AB.
867 3891 1067 3954 pewdr‘oomnt.

126 3981 165 4027 rat
173 3980 295 4038 μυστικῶν
303 3978 343 4026 καὶ
352 3977 529 4037 δυσθεωρήτων
546 3975 641 4036 σφόδρα
650 3975 677 4022 δὲ
774 3971 896 4021 'Gaesi
915 3989 1033 4038 proposes
1051 3973 1179 4032 aciontarr
1203 3975 1278 4025 Mss-

126 4063 166 4109 καὶ
184 4059 339 4121 δοσὸιηηητοί
358 4059 411 4117 εἰσι,
431 4058 471 4105 καὶ
490 4055 566 4103 αἰτίαι
583 4057 678 4103 δοκοῦσι
726 4067 791 4103 suren
802 4055 902 4119 objecta,
917 4055 964 4104 Sed
973 4055 1090 4118 feteam,-
1105 4064 1235 4118 ιτνιοιιιαι,
1249 4063 1280 4107 ut

126 4146 169 4192 τοῦ
179 4146 222 4193 τὰς
230 4142 385 4190 ἀπαιδεύτους
393 4139 533 4187 πλανᾶσθαι
543 4139 590 4186 τῶν
601 4139 677 4199 ἑτερο·
726 4138 792 4186 cnim
813 4138 894 4186 sciant
912 4154 938 4186 sc
960 4138 1008 4186 boc
1029 4139 1111 4202 ipsum
1133 4140 1210 4198 scire;
1232 4140 1280 4188 but

127 4227 199 4285 δόξων
226 4225 314 4285 ψυχὰς,
345 4220 527 4281 ἀπερισκέπτως
553 4219 593 4266 καὶ
614 4218 678 4276 μετὰ
726 4219 777 4268 this
788 4219 989 4283 scarcelymends
999 4223 1110 4268 matters.
1137 4219 1280 4269 TheGraek

127 4305 270 4367 προπετείας
292 4303 488 4363 κατηγορούντων
509 4301 553 4347 τοῦ
574 4300 635 4347 θεοῦ
652 4299 678 4359 ἐξ
726 4301 800 4364 again
817 4300 947 4349 extricates
963 4316 993 4348 us
1003 4317 1010 4359 ;
1028 4301 1065 4348 fec
1082 4301 1131 4361 γὰρ
1146 4301 1223 4360 γνῶσι
1241 4303 1280 4349 αὒ-

127 4385 159 4435 de
186 4389 213 4436 ad
240 4387 319 4434 νοοῦσι
341 4384 449 4446 γραφῶν,
476 4382 516 4430 καὶ
543 4383 582 4429 διὰ
606 4383 678 4429 τοῦτο
727 4384 772 4440 τὴν
782 4384 826 4442 τὴν
836 4385 932 4443 γνῶσιν,
947 4381 993 4444 (ὅτι
1006 4383 1050 4440 μὲν
1064 4381 1083 4429 λ’
1098 4383 1280 4433 &demetra

127 4469 291 4517 ἐκπιπτόντων
326 4467 367 4515 ἐπὶ
405 4464 564 4523 ἀναπλασμὸν
602 4465 679 4511 ἄλλον
727 4466 755 4513 οὑ
764 4464 889 4526 μαθόντος)
902 4465 975 4512 αὐτοῦ
986 4464 1029 4510 τοῦ
1040 4463 1166 4512 κτίσαντος
1177 4463 1277 4516 θεοῦ...

127 4551 194 4599 θεοῦ.
227 4548 303 4598 omo.
323 4546 352 4597 ιἰι
369 4546 411 4596 Pa.
431 4544 465 4596 xl.
484 4560 512 4595 as
534 4544 627 4610 quoted
644 4545 679 4610 by
728 4546 821 4610 ἀσεβῶν
838 4545 1022 4607 καταφρονοῦσι.
