2954 4986
567 347 793 401 aanurarlo.
1184 336 1249 401 361

93 506 199 577 untur,
224 500 372 585 quoniam
395 498 533 587 spiritale
553 509 612 579 est,
638 501 722 586 quod
743 507 849 565 autem
873 508 922 566 est
943 501 1112 581 materiale,
1135 502 1251 568 residet
1270 523 1414 610 hlili'il'·

92 602 250 681 deorsum,
265 602 411 688 quoniam
425 611 474 667 est
489 603 658 681 materiale,
680 608 733 668 let
754 602 976 669 exardescente
990 626 1028 670 eo
1043 604 1096 692 qui
1117 604 1198 671 inest
1219 605 1249 672 ei
1279 616 1396 703 ”gfff-gt

93 704 176 790 igne,
200 714 400 770 consumetur
419 704 452 768 in
476 712 592 771 totum:
615 705 749 770 animale
766 726 862 790 quare
882 727 945 770 non
962 714 1063 771 totum
1080 706 1112 771 in
1133 708 1248 775 medie·

90 808 168 873 tatis
182 807 285 872 locum
300 809 399 884 cedet,
416 808 447 871 in
466 830 557 894 quem
572 816 605 872 et
621 808 827 893 Demiurgum
843 807 994 874 mittunt?
1039 809 1121 891 Quid
1141 819 1248 875 autem

91 921 141 976 est
168 911 242 977 illud
269 912 351 996 quod
374 912 464 976 cedet
489 932 596 976 eorum
626 911 709 975 intra
735 911 898 975 Pleroma?
942 912 1078 976 Animas
1106 913 1248 977 enimin

91 1014 292 1079 medietatem
306 1035 501 1098 perseverare
515 1014 642 1079 dicunt:
665 1036 794 1099 corpora
808 1025 924 1090 autem,
941 1016 1087 1100 quoniam
1102 1017 1247 1082 materia-

91 1118 154 1183 lem
168 1118 285 1183 hahent
299 1118 516 1195 substantiam,
532 1117 565 1181 in
580 1118 742 1183 materiam
762 1117 899 1182 resoluta
917 1119 1025 1183 ardere
1037 1120 1078 1183 ab
1092 1142 1130 1184 eo
1145 1120 1198 1206 qui
1214 1120 1247 1183 in

92 1245 131 1287 ea
151 1234 201 1288 est
221 1222 321 1310 ignis3
350 1244 479 1308 corpore
503 1231 610 1286 autem
631 1222 768 1307 ipsorum
788 1232 944 1309 corrupto,
963 1230 997 1287 et
1018 1223 1124 1287 anima
1146 1245 1247 1289 rema-

90 1335 185 1391 nente
203 1326 235 1390 in
258 1325 437 1402 medietate,
461 1324 537 1388 nihil
557 1326 625 1411 jam
644 1324 834 1410 relinquetur
855 1348 895 1391 ex
914 1326 1038 1391 homine
1058 1328 1141 1413 quod
1164 1328 1247 1393 intra

90 1429 238 1495 Pleroma
267 1429 368 1494 cedat.
415 1427 533 1493 Sensus
558 1428 642 1492 euim
668 1428 811 1505 hominis,
836 1429 951 1506 'menn
975 1438 1008 1493 et
1031 1430 1190 1517 cogitatio,
1213 1438 1247 1496 et

90 1532 223 1598 intentio
238 1532 362 1611 mentis,
376 1540 410 1597 et
426 1554 549 1618 eaquae
564 1539 639 1597 sunt
653 1530 842 1616 hujusmodi,
863 1552 926 1595 non
944 1531 1028 1596 aliud
1043 1533 1116 1620 quid
1132 1543 1247 1619 praeter

89 1635 226 1701 animam
249 1645 342 1711 sunt;
366 1636 423 1701 sed
446 1636 543 1722 ipsius
565 1636 678 1700 animae
704 1643 819 1713 motus,
842 1642 875 1699 et
897 1635 1101 1720 operationes,
1127 1637 1245 1703 nullam

89 1740 157 1804 sine
170 1740 275 1803 anima
289 1739 439 1804 habentes
458 1738 675 1804 substantiam.
721 1738 805 1820 Quid
828 1760 903 1824 ergo
927 1738 1029 1803 adhuc
1054 1739 1114 1805 erit
1135 1762 1243 1805 eorum

90 1842 173 1927 quod
196 1842 336 1907 succedit
358 1841 391 1905 in
416 1842 583 1907 Pleroma?
628 1841 672 1905 Et
695 1841 754 1927 ipsi
777 1841 872 1919 enim,
893 1841 1098 1927 inquantum
1119 1842 1243 1929 quidem

89 1945 202 2010 animae
226 1952 309 2025 sunt,
330 1954 493 2012 remanent
512 1946 545 2010 in
560 1946 745 2023 medietate;
774 1947 806 2011 in
826 1955 978 2031 quantum
997 1954 1103 2012 autem
1120 1969 1242 2034 corpus,

90 2069 163 2112 cum
177 2047 297 2133 reliqua
311 2048 457 2114 ⁸materia
471 2049 634 2113 ardebunt.

535 2303 636 2370 ΟΑΡ.
660 2303 793 2369 XLVI.

91 2458 277 2548 Quoniam
303 2457 344 2533 io
370 2458 467 2533 nullo
489 2470 607 2557 potest
634 2455 787 2531 interior
813 2456 961 2532 illorum
986 2457 1090 2532 hnuto
1116 2484 1242 2558 cuper·

161 2577 271 2676 aredi
299 2575 564 2676 Deotiuryum:
601 2587 633 2649 et
661 2574 835 2673 quoniam
862 2602 935 2651 nou
957 2589 1006 2651 est
1033 2575 1239 2670 verisimile,

162 2699 225 2773 hos
251 2696 398 2796 quidem
425 2693 611 2797 spiritales
638 2720 718 2785 esse,
738 2694 987 2795 Demiuryum
1013 2708 1136 2769 aretem
1158 2694 1241 2771 aoi-

162 2816 305 2891 molem.

87 2987 116 3049 1.
164 2982 215 3047 Er
239 2982 288 3047 his
310 2981 356 3047 sic
379 3003 414 3047 se
440 2981 637 3060 habentibus,
664 3003 759 3067 super
783 2979 989 3065 Demiurgum
1015 3001 1049 3045 se
1071 2980 1239 3046 ascendere

85 3089 194 3153 dicunt
209 3087 372 3152 insensati:
397 3094 430 3151 et
447 3087 618 3151 secundum
635 3085 696 3150 hoc
716 3084 800 3170 quod
820 3104 855 3147 sc
874 3082 1017 3147 meliores
1036 3083 1240 3168 pronuntiant

85 3191 137 3256 illo
162 3191 232 3256 Deo
251 3190 304 3277 qui
327 3190 433 3267 coelos,
459 3198 493 3255 et
519 3198 645 3266 terram,
667 3195 700 3252 et
724 3185 832 3264 maria,
852 3194 886 3250 et
909 3185 1014 3250 omnia
1038 3208 1109 3271 quaa
1135 3185 1167 3250 in
1193 3187 1240 3251 eis

85 3304 160 3363 sunt
179 3296 253 3362 lecit
277 3305 310 3361 et
336 3296 467 3375 ornavit,
496 3303 530 3361 et
558 3302 658 3359 semet
684 3292 810 3380 quidem
840 3290 995 3378 spiritales
1023 3313 1092 3357 ease
1120 3292 1238 3373 volunt,

85 3400 269 3466 inhonorato
289 3422 360 3465 cum
381 3398 445 3465 sint
465 3398 624 3464 ⁴carualea
642 3405 769 3484 propter
782 3403 905 3460 tantam
924 3416 1014 3460 suam
1029 3395 1236 3481 impietatem

84 3608 113 3657 ol'
132 3608 196 3657 later
212 3606 311 3657 scribes.
345 3606 398 3656 'llic
416 3608 530 3657 ἀπόδοσις
546 3606 572 3654 iu
591 3606 635 3655 the
735 3602 789 3664 ¹et,
803 3603 845 3652 tho
861 3602 950 3667 copula
960 3602 981 3651 is
992 3602 1123 3667 carelessly
1134 3602 1239 3652 omitted

83 3691 168 3755 aequal
175 3691 240 3754 quod
250 3698 330 3739 nauem
337 3697 372 3739 eat
377 3689 506 3749 nummulo,
516 3689 636 3737 indicates
685 3686 710 3735 in
723 3688 765 3735 the
777 3687 876 3734 Onnnrr.
890 3685 948 3735 MS.
978 3685 1016 3734 Cf.
1031 3682 1086 3747 366,
1099 3700 1125 3733 n.
1136 3700 1158 3746 3.

83 3772 149 3835 quod
162 3771 259 3835 quidem
271 3773 297 3821 in
311 3770 355 3821 the
369 3772 490 3834 πρότασις,
508 3784 536 3819 or
552 3770 636 3818 rather
734 3766 745 3799 ¹
761 3783 827 3817 oraro
838 3765 1055 3815 laomittcdinthc
1067 3764 1167 3816 Cannu.
1177 3765 1235 3816 MS.

84 3855 97 3905 d
108 3856 151 3913 uo
162 3854 188 3903 in
199 3854 242 3902 tho
252 3852 358 3917 original
368 3870 373 3911 ;
390 3850 437 3900 but
447 3852 490 3900 tho
501 3850 637 3900 translator
685 3849 734 3898 and
745 3864 825 3897 macru
835 3849 857 3897 is
867 3849 911 3897 the
922 3848 1069 3897 translation
1081 3849 1109 3897 os
1117 3851 1176 3898 roris.

83 3950 162 3983 seems
175 3940 203 3983 to
217 3935 280 3983 hara
297 3933 355 3983 read
372 3933 388 3982 d
399 3934 443 3992 μὲν
452 3932 567 3981 followed
579 3934 611 3998 by
623 3935 636 3984 t
733 3930 745 3963 ⁸
762 3930 864 3979 murata
874 3931 895 3979 is
906 3936 951 3979 not
958 3930 1037 3979 found
1049 3931 1123 3979 inthc
1133 3930 1234 3980 curan.

83 4019 117 4078 δέ,
142 4018 192 4066 and
214 4018 308 4080 having
331 4014 451 4065 rendered
477 4014 519 4062 thu
545 4015 636 4064 former
685 4014 859 4075 MS.,audthc
868 4013 947 4063 Voss.
958 4013 1236 4078 oopyharaccordingly

83 4098 201 4164 partiales
218 4099 263 4147 illa
279 4098 383 4161 quidem,
402 4112 471 4146 some
487 4098 636 4147 transcriber
684 4095 837 4146 substituted
859 4096 966 4160 reliqum·
992 4096 1039 4145 but
1061 4097 1082 4144 it
1103 4096 1186 4145 would
1207 4096 1238 4144 be

83 4181 229 4230 afterwards
250 4181 360 4245 brought
382 4180 426 4229 tlrc
447 4178 545 4227 version
567 4195 635 4228 mora
683 4178 888 4243 difficulttogivc
897 4194 947 4244 any
954 4194 1023 4227 more
1030 4176 1239 4243 probabchrcak

82 4262 137 4310 into
154 4262 305 4326 conformity
321 4262 383 4311 with
402 4261 444 4310 the
461 4261 560 4325 general
578 4276 634 4309 cou-
684 4260 827 4325 equivalent
846 4261 907 4310 than
924 4262 990 4321 μετὰ
1007 4262 1050 4319 τῆς
1070 4261 1147 4319 ἄλλης
1166 4259 1233 4319 ihm.

82 4344 204 4394 struction
216 4345 249 4409 by
258 4345 384 4408 changing
395 4344 490 4407 quidem
501 4344 555 4392 into
561 4342 633 4405 quod.
685 4344 730 4393 See
741 4359 765 4408 p.
779 4345 818 4405 48,
833 4344 883 4393 and
893 4360 918 4407 p.
933 4356 971 4407 59,
986 4358 1010 4391 n.
1024 4361 1046 4403 φ

81 4427 135 4475 The
152 4426 213 4475 falae
230 4426 337 4474 concord
353 4426 486 4475 tuicionem
502 4424 566 4489 quod
576 4439 635 4489 may
732 4423 1120 4474 ⁴Th0Mss.al1mdcamo.
1154 4422 1236 4489 Ipro-

81 4506 113 4555 be
132 4507 273 4570 compared,
290 4523 333 4571 pp.
343 4503 397 4568 365,
412 4520 439 4566 ις
457 4504 512 4569 367,
525 4522 546 4557 r.
581 4506 636 4556 But
684 4508 881 4571 posetherelore,
902 4507 989 4565 trlum
1005 4504 1072 4555 ὄντες
1086 4505 1181 4571 ccprtr,
1199 4504 1238 4555 r'a·

81 4589 132 4638 this
142 4588 219 4638 arim
229 4592 274 4637 ont
284 4588 313 4637 of
321 4589 401 4647 κύημα
410 4590 431 4639 t.
455 4586 493 4639 (lt.
502 4601 521 4641 1.
532 4589 633 4651 itm.
683 4589 806 4639 tonorum
816 4604 869 4638 carm
880 4587 930 4637 rint
940 4585 1031 4637 carah.
