2954 4986
241 341 307 406 226
713 352 946 407 ormranuu

75 531 229 616 ararium.
243 521 276 592 ἐν
297 517 541 613 ᾢιῖνἈγνοια
558 522 612 592 καὶ
632 518 812 593 Αὖθάδενα·
847 521 892 593 τὰ
917 518 953 591 δὲ
977 522 1082 620 ἔργον
1097 527 1216 605 τοῦτο,
1238 518 1403 618 Πρωτάρ-

77 623 230 710 Girlsifill
245 665 355 731 χοντα
375 640 525 719 καλοῦσι,
545 632 599 704 καὶ
627 632 728 705 αὖτὸν
750 632 829 705 εἶναι
853 634 995 726 λέγουσι
1018 641 1077 716 τῆς
1095 632 1238 709 κτίσεως
1256 635 1401 713 ποιητήν.

80 717 228 806 -Ϊ-ὴὲ
246 747 454 819 ...Τοῦτον
482 745 518 817 δὲ
545 749 589 839 τῇ
616 743 786 838 Αὖθαὸεἵᾳ
815 747 1040 846 συναφθέντα,
1071 747 1133 829 τὴν
1162 745 1296 816 Κακίαν
1321 746 1402 814 α’το-

244 867 410 952 γεννῆααι,
438 858 492 930 καὶ
522 856 568 931 τὰ
585 859 709 943 ταύτης
733 860 849 959 μόρια.

737 1038 832 1138 Κεφ.
850 1039 908 1121 κη’.

240 1197 336 1288 'Quo
355 1208 405 1270 est
425 1192 648 1296 Ophitarum
665 1207 697 1270 et
716 1193 943 1295 Ocjanorum
959 1193 1219 1295 irreligiositas
1235 1209 1268 1270 et
1286 1193 1402 1294 impu

447 1310 585 1406 dentic,
609 1326 642 1388 et
667 1311 766 1388 uode
786 1310 1000 1412 consaepta
1023 1312 1201 1413 opacorum.

324 1487 355 1536 1.
401 1466 454 1536 Ol
475 1464 510 1537 di
528 1467 686 1550 Σηθιανοὶ
706 1466 953 1568 οΰςὈφιανοὺς
971 1466 995 1550 ri
1011 1467 1164 1568 Ὀφῖτας·
1180 1469 1268 1545 τίνες
1286 1463 1449 1576 decad-pp

245 1576 367 1681 ζουσιν,
399 1576 604 1679 ’Ἄνθρωπον
641 1587 783 1652 καλοῦσι
818 1579 880 1653 τὸν
913 1584 979 1652 τῶν
1012 1577 1170 1654 α’τᾶντων
1202 1579 1300 1664 θεὸν,
1336 1584 1449 1680 ‹pdtll

243 1810 409 1890 habentia,
442 1833 476 1876 se
505 1817 615 1876 autem
649 1808 719 1876 sine
752 1809 987 1898 conjugatione,
1017 1811 1169 1898 quaesisse
1199 1812 1251 1878 cui
1284 1814 1402 1880 aduna-

244 1921 356 1977 retur:
392 1917 426 1976 et
453 1933 526 1976 cum
555 1932 621 1975 non
648 1910 815 1987 inveniret,
848 1912 1066 1977 ¹aaseverabat
1090 1919 1124 1977 et
1154 1912 1401 1991 extendebatur,

246 2018 281 2076 et
306 2010 519 2096 prospiciebat
542 2010 584 2074 ad
610 2009 775 2076 inferiores
799 2017 918 2097 partes,
945 2018 1063 2096 putans
1087 2011 1139 2076 hic
1162 2010 1307 2079 invenire
1331 2036 1402 2079 con·

243 2110 374 2198 jugem:
418 2117 452 2174 et
481 2131 546 2173 non
576 2109 747 2185 inveniens,
778 2109 895 2176 exsiliit
920 2109 1054 2176 taediata
1084 2134 1220 2197 quoque,
1252 2114 1401 2199 quoniam

246 2210 315 2275 sine
353 2211 439 2275 hona
467 2209 634 2275 voluntate
667 2209 770 2295 patrIs
801 2209 956 2295 impetum
987 2210 1118 2277 iecerat.
1175 2212 1256 2278 Post
1288 2213 1401 2279 deiude

246 2309 452 2395 simplicitate
481 2315 515 2374 et
543 2309 743 2396 benignitate
769 2317 845 2376 acta
870 2310 1036 2397 generarit
1065 2333 1154 2397 opus,
1180 2310 1214 2375 in
1242 2336 1307 2399 quo
1332 2321 1401 2379 erat

246 2409 430 2496 ignorantia
446 2418 480 2475 et
494 2409 637 2474 audacia.
689 2409 763 2474 Hoc
788 2417 897 2475 autem
923 2431 1002 2496 opus
1025 2411 1094 2498 ejus
1114 2434 1182 2476 ease
1200 2411 1401 2479 Proarehon·

245 2515 313 2574 tem
341 2507 645 2597 [Protarchontem]
672 2508 794 2588 dicunt,
816 2509 1042 2575 fabricatorem
1069 2511 1261 2577 conditionis
1285 2512 1398 2600 hujus:

244 2609 398 2674 virtutem
426 2616 533 2674 autem
555 2631 705 2696 magnam
732 2609 899 2674 abstulisse
928 2631 1001 2674 eum
1026 2631 1047 2674 a
1071 2619 1175 2676 matre
1198 2621 1345 2688 narrant,
1368 2621 1400 2679 et

244 2708 406 2772 abstitisse
424 2711 465 2774 ab
482 2730 521 2773 ea
536 2709 568 2773 in
586 2708 744 2783 inferiora,
759 2718 793 2777 et
809 2708 920 2774 fecisse
936 2709 1173 2776 firmamentum
1190 2712 1273 2790 coeli,
1288 2713 1322 2777 in
1339 2735 1399 2800 quo

244 2816 278 2873 et
296 2807 444 2873 habitare
461 2808 572 2873 dicunt
589 2831 671 2874 eum.
708 2808 754 2875 Et
771 2831 844 2875 cum
859 2809 903 2874 sit
919 2809 1111 2897 ignorantia,
1127 2810 1240 2877 iecisse
1256 2835 1313 2878 eas
1330 2835 1398 2899 qua

243 2916 320 2973 eunt
344 2909 465 2974 subeo
491 2916 678 2994 potestates,
703 2916 738 2975 et
762 2909 902 2996 angelos,
927 2917 961 2974 et
983 2909 1194 2991 firmamenta,
1213 2919 1248 2978 et
1271 2920 1398 2978 terrena

243 3008 360 3074 omnia.
412 3009 538 3074 Deinde
572 3008 683 3074 dicunt
712 3010 881 3074 adunitum
909 3031 983 3074 eum
1015 3010 1202 3088 Authadiae,
1231 3034 1398 3100 generasse

245 3106 385 3184 Kakian,
415 3109 527 3184 Zelon,
551 3116 585 3174 et
607 3109 822 3189 ²Phthonum,
848 3118 882 3175 et
910 3108 1066 3196 Erinnyn,
1095 3118 1130 3176 et
1152 3112 1397 3199 'Epithymiam

244 3208 414 3275 Generatia
440 3217 549 3276 autem
574 3208 633 3289 bis,
661 3217 766 3276 mater
791 3208 911 3296 Sophia
935 3210 1130 3277 contristata
1153 3212 1288 3300 refugit,
1309 3220 1344 3279 et
1366 3213 1398 3278 in

242 3307 359 3373 altiora
388 3309 518 3373 secessit
545 3315 579 3374 et
606 3309 645 3374 fit
671 3311 819 3376 deorsum
844 3310 1086 3376 numerantibus
1110 3312 1288 3378 octonatio.
1341 3311 1398 3378 Illa

242 3404 342 3490 igitur
358 3408 536 3481 secedente,
553 3429 588 3471 ee
602 3407 705 3472 solum
722 3411 887 3495 opinatum
903 3432 981 3487 esee,
995 3417 1030 3476 et
1047 3418 1180 3498 propter
1191 3411 1255 3477 hoc
1268 3412 1394 3479 dixisse:

77 3515 216 3603 {affl}
241 3504 310 3589 Epo
327 3527 395 3570 aum
412 3509 499 3571 Deus
517 3506 640 3584 zelator,
666 3517 695 3574 et
715 3520 833 3596 preter
857 3533 904 3575 me
928 3532 1011 3576 nemo
1035 3521 1087 3576 eet.
1139 3512 1184 3577 Et
1210 3512 1246 3577 hi
1272 3514 1396 3601 quidem

75 3609 128 3655 ⁶=⁶²
140 3609 219 3650 ΗΜ·
242 3604 321 3670 talia
338 3605 548 3673 mentiuntur.

667 3793 769 3860 cAP.
792 3793 972 3861 XXVIII.

315 3926 345 3989 1.
381 3923 594 3992 ³An11antem
607 3949 716 3992 rursus
728 3935 941 4015 portentuosa
956 3928 1140 4016 loquuntur,
1151 3952 1223 3997 esse
1238 3932 1395 4019 quoddam
1405 3949 1449 3995 αν

238 4022 378 4111 primum
394 4024 502 4090 lumen
517 4025 551 4090 in
567 4026 687 4093 virtute
705 4028 815 4116 Bythi,
829 4031 971 4107 beatum,
983 4037 1017 4095 et
1033 4029 1289 4117 incorruptibile,
1303 4039 1339 4099 et
1353 4031 1396 4098 in-

286 4183 296 4216 ¹
313 4184 466 4234 armabat.
491 4184 544 4233 The
553 4184 630 4235 Latin
638 4187 788 4251 equivalent,
890 4187 903 4220 ²
919 4189 1036 4239 Suum
1050 4189 1096 4239 has
1111 4204 1146 4239 no
1162 4189 1296 4256 authorIty
1307 4191 1346 4241 for
1360 4191 1395 4241 li·

236 4281 264 4315 aa
275 4265 370 4315 (iam
382 4266 501 4326 remarks,
519 4266 549 4314 os
562 4269 728 4331 διἰαχυρίζετο,
745 4271 791 4319 but
843 4269 926 4320 Greek
937 4270 1110 4320 terminatione
1121 4275 1148 4320 la)
1159 4271 1231 4321 these
1242 4272 1333 4322 worda.

235 4347 341 4411 perhaps
358 4349 489 4396 διετείνατο
504 4363 564 4412 may
574 4349 638 4397 have
651 4350 713 4398 been
725 4351 790 4400 writ
891 4349 902 4383 ⁸
917 4351 992 4408 Ale·;
1007 4352 1050 4400 the
1064 4352 1176 4416 Ophites,
1194 4352 1250 4414 bnt,
1265 4354 1396 4417 according

235 4432 287 4489 ten,
306 4429 356 4478 and
370 4429 489 4479 rendered
502 4446 529 4479 aa
546 4447 562 4479 a
580 4436 643 4480 term
662 4432 688 4480 in
703 4432 790 4481 dialeo
840 4437 869 4481 tc
886 4432 1054 4494 rammam,
1067 4433 1110 4481 the
1128 4432 1249 4494 Sethiani,
1268 4435 1352 4484 whom
1366 4435 1396 4482 he

234 4507 296 4570 tim
312 4512 479 4562 ωενιαώαιατ
493 4512 520 4562 in
534 4513 585 4563 this
599 4529 654 4563 case
666 4514 747 4563 would
758 4515 790 4565 be
840 4514 963 4564 identifiea
980 4514 1129 4579 incorrectly
1143 4515 1206 4564 with
1223 4517 1268 4565 the
1285 4517 1393 4582 Ophites

226 4595 386 4661 marginal
397 4597 475 4664 glou,
845 4595 904 4643 'rue
916 4601 1025 4644 account
1037 4597 1152 4658 &nauhu
1160 4595 1338 4650 Emeum!
1352 4599 1394 4648 tu
