2954 4986
418 344 495 399 sos
521 344 751 399 nssnuncus
775 344 975 399 nnrnsnrs.
1210 330 1277 401 367

121 498 333 584 speculatores
352 499 420 564 fieri
439 522 504 578 eos,
520 500 573 585 qui
592 498 735 565 similiter
756 507 793 564 ut
815 498 990 585 Apostolus
1007 498 1096 564 valde
1117 507 1191 565 sunt
1209 522 1276 587 per-
1319 525 1411 611 pppp.

122 603 196 667 lecti
212 604 245 666 in
260 604 423 669 dilectione
439 605 510 670 Dei.
1302 620 1429 705 ⁰„¹‘„·¹‡·1¹1'J

62 723 106 763 lto
190 711 219 771 2.
266 706 310 772 Et
333 709 484 793 spiritalia
507 710 611 793 itaque
633 708 685 773 hie
707 709 790 786 lecit,
813 730 942 793 querum
966 730 1064 793 usque
1086 709 1128 773 ad
1151 708 1278 774 tertium
1291 714 1440 799 ’ζ’-ἢ*

124 810 238 875 coelum
253 814 427 896 speculator
441 814 542 877 lactas
556 822 605 876 est
621 812 812 897 Apostolus:
830 821 862 877 et
877 812 1096 877 inenarrabiles
1109 833 1277 887 sermones,

125 937 203 1000 ques
224 938 287 979 non
309 916 381 981 licet
402 917 519 981 homini
535 917 628 1001 loqui,
647 917 793 1001 quoniam
814 916 878 980 sint
899 917 1066 1001 spiritales,
1084 927 1117 982 et
1138 918 1206 1003 ipsc
1227 917 1278 981 hic

124 1029 254 1105 praestat
269 1021 380 1107 dignis,
397 1022 655 1106 queamdmodum
670 1022 745 1099 vult,
769 1021 862 1107 hujus
882 1022 964 1086 enim
979 1032 1028 1086 est
1044 1024 1221 1107 paradisus:
1245 1029 1279 1087 et

124 1146 196 1187 uere
215 1134 264 1189 est
283 1126 410 1209 spiritns
427 1126 497 1202 Dei,
514 1127 569 1189 sed
587 1148 648 1189 non
670 1125 813 1189 animalis
828 1126 1027 1211 Demiurgus,
1043 1126 1179 1211 alioquin
1201 1148 1279 1189 nun-

125 1248 218 1311 qnam
243 1229 393 1312 spiritalia
413 1229 600 1314 perfecisset.
656 1228 689 1291 Si
715 1238 820 1293 antem
846 1229 989 1293 animalis
1019 1229 1080 1305 hic,
1110 1252 1279 1315 perquem

125 1330 297 1394 factasunt
315 1331 476 1417 spiritalia,
492 1332 626 1395 reserant
640 1331 739 1394 nobis.
788 1331 850 1395 Sed
866 1353 965 1415 neque
981 1329 1087 1417 ¹[per]
1104 1331 1281 1395 enixionem

127 1430 244 1497 Matris
259 1456 337 1511 sum,
354 1435 436 1520 quod
451 1435 636 1519 semetipsos
651 1455 720 1497 esse
735 1433 852 1511 dicunt,
868 1434 985 1499 sactum
1001 1456 1071 1498 csse
1085 1434 1158 1518 quid
1177 1446 1281 1498 osten·

125 1535 199 1600 dere
214 1536 340 1602 habent.
387 1537 432 1600 Hi
448 1537 530 1601 eninr
546 1558 608 1600 non
623 1543 746 1599 tantum
761 1535 876 1621 aliquid
897 1536 936 1599 de
956 1536 1155 1621 spiritalibus,
1170 1537 1226 1600 sed
1241 1558 1281 1601 ne

126 1639 250 1723 quidem
272 1662 421 1717 muscam,
440 1648 496 1704 aut
517 1639 656 1715 culicem,
679 1646 735 1702 aut
760 1638 822 1702 tale
845 1638 961 1723 aliquid
982 1660 1022 1701 ex
1045 1638 1095 1702 his
1118 1662 1187 1723 quae
1207 1650 1281 1705 sunt

125 1743 350 1807 contemtibilis
381 1743 528 1807 animalia
560 1741 672 1827 pusilla
708 1742 857 1825 perficere
887 1750 1028 1826 possunt,
1064 1752 1178 1825 praeter
1210 1765 1281 1807 eanr

126 1845 288 1925 rationem,
305 1870 374 1931 flua*
388 1849 429 1911 ah
444 1846 534 1910 initio
553 1868 574 1910 a
596 1846 665 1909 Deo
688 1868 743 1930 per
764 1844 917 1909 seminum
939 1844 1157 1909 demissionem
1178 1847 1210 1909 in
1231 1848 1281 1912 his

126 1971 196 2035 quac
222 1960 296 2015 sunt
325 1951 463 2035 ejusdem
493 1950 627 2037 generis,
654 1948 837 2013 naturaliter
863 1948 947 2012 lacta
972 1957 1056 2024 sunt,
1083 1957 1177 2033 atque
1201 1951 1282 2015 fiunt

125 2052 281 2118 animalia.
327 2054 390 2117 Sed
410 2076 449 2117 ne
470 2054 593 2138 quidem
613 2075 634 2116 a
652 2052 720 2115 sola
737 2052 842 2115 Matre
856 2050 974 2115 sactum
997 2050 1129 2135 aliquid3
1155 2051 1282 2117 ²dicunt

126 2154 273 2220 emissum
298 2156 381 2221 hunc
405 2157 623 2242 Demiurgum,
647 2165 680 2219 et
709 2156 876 2219 Dominum
905 2155 1056 2218 universae
1083 2155 1281 2239 operationis.

128 2258 174 2323 Et
207 2282 278 2324 eum
307 2261 442 2345 quidem,
471 2261 524 2345 qui
552 2261 595 2325 sit
624 2260 775 2323 universae
805 2258 993 2345 operationis
1017 2258 1207 2346 Demiurgus
1229 2264 1281 2325 ³ct

128 2362 293 2441 Dominus,
312 2365 476 2429 animalem
498 2386 567 2429 esse
589 2364 706 2440 dicunt,
722 2386 757 2428 se
778 2372 884 2427 autem
905 2362 1070 2447 spiritales,
1094 2362 1145 2448 qui
1168 2363 1282 2429 nullius

128 2467 315 2549 operationis
336 2467 537 2532 fabricatores
558 2475 632 2531 sunt
652 2475 708 2530 aut
729 2464 856 2543 domini,
874 2487 937 2529 non
959 2463 1060 2529 solum
1081 2486 1188 2529 eorum
1211 2489 1281 2551 [111ae

128 2579 202 2634 sunt
216 2580 306 2635 extra
320 2593 384 2649 eos,
399 2572 454 2636 sed
469 2594 508 2636 ne
523 2571 648 2657 quidem
663 2592 826 2655 corporum
841 2590 978 2634 suorum.
1025 2568 1130 2632 Multa
1149 2569 1282 2655 denique

128 2693 213 2757 sepe
233 2675 404 2738 secundum
425 2696 537 2759 corpus
558 2673 718 2759 patiuntur
736 2672 887 2748 nolentes,
903 2679 1050 2736 vocantes
1071 2693 1106 2736 se
1127 2672 1282 2756 spiritales

128 2784 161 2841 et
184 2777 327 2841 meliores
350 2777 533 2863 Demiurgo.
569 2777 592 2841 J
596 2786 664 2842 uste
684 2776 781 2864 igitur
797 2798 818 2840 a
838 2776 928 2840 nobis
949 2783 1118 2862 arguentur
1139 2784 1282 2861 porroet

127 2880 220 2965 longe
235 2880 415 2945 ⁴divertisse
431 2904 451 2945 a
465 2882 606 2947 veritate.
652 2881 724 2946 Sive
739 2881 823 2945 enirn
836 2902 892 2965 per
905 2880 998 2957 hunc,
1014 2901 1084 2963 qum
1099 2879 1281 2959 factasunt,

127 2983 202 3047 lecit
231 2983 410 3059 ³Salvator3
437 3007 500 3049 non
524 2984 650 3049 inlerior
675 2984 762 3067 ipsis,
789 2984 845 3047 sed
868 2982 976 3046 melior
999 3004 1068 3046 esse
1097 2982 1281 3060 ostenditur,

128 3086 251 3170 quando
269 3086 426 3151 ethorum
447 3089 582 3175 ipsorum
603 3087 757 3152 invenitur
779 3087 897 3151 lactor:
921 3107 995 3149 nam
1017 3093 1049 3149 et
1069 3084 1128 3169 ipsi
1150 3092 1224 3148 sunt
1241 3107 1282 3149 ex

127 3190 177 3255 his
191 3214 260 3275 quae
276 3191 360 3256 laeta
373 3200 456 3257 sunt.
494 3193 656 3274 erornodo
678 3192 784 3277 itaque
803 3212 996 3276 consequens
1011 3196 1069 3264 est,
1083 3188 1143 3253 hos
1157 3189 1282 3273 quidem

127 3295 281 3379 spiritales
296 3317 374 3372 esse,
390 3296 473 3361 hunc
487 3305 592 3362 autem
607 3298 708 3383 ipsum
722 3318 778 3382 per
799 3317 892 3380 (luem
914 3302 947 3359 et
966 3293 1042 3359 lacti
1063 3302 1146 3370 sunt,
1162 3293 1281 3357 anima·

127 3397 210 3462 lem?
255 3399 336 3477 Sive,
369 3400 467 3484 (qnod
492 3408 525 3464 ct
550 3400 651 3464 solum
683 3407 732 3464 est
760 3421 877 3473 verum,
905 3396 987 3482 qued
1012 3404 1045 3461 et
1072 3395 1283 3481 perplurima

128 3502 331 3581 ostendimus,
356 3504 440 3568 velut
466 3503 679 3590 liquidissimis
705 3503 961 3583 ostensionibus),
981 3502 1048 3587 ipse
1071 3523 1091 3566 a
1113 3500 1282 3587 semetipso

128 3606 202 3671 lecit
215 3606 311 3670 libere
326 3614 358 3670 et
378 3628 416 3669 ex
432 3628 489 3671 sua
504 3615 670 3692 potestate,
686 3616 718 3672 et
736 3606 899 3693 disposuit,
914 3614 947 3671 et
968 3604 1096 3689 perfecit
1116 3604 1230 3683 omnia,
1249 3613 1283 3670 et

177 3809 273 3875 Ἶριν]
290 3812 345 3859 first
362 3810 507 3859 introduced
525 3810 559 3874 by
576 3810 679 3859 Fstnn·
779 3809 790 3841 ³
813 3809 956 3872 According
986 3812 1014 3856 to
1045 3807 1088 3856 the
1119 3807 1281 3859 Valentinian

128 3906 205 3953 nster,
219 3894 264 3941 has
275 3909 308 3940 no
319 3893 388 3956 place
400 3894 425 3941 in
437 3909 487 3957 any
499 3893 556 3942 Ms.
731 3893 875 3956 hypothesis
892 3892 935 3941 the
953 3890 1066 3951 Ssviour,
1085 3892 1171 3955 scting
1189 3892 1223 3956 by
1239 3894 1283 3941 the

178 3974 189 4006 ²
213 3977 409 4037 προβεβλημένον
434 3976 509 4033 τόνδε,
540 3982 609 4035 φασι,
639 3974 682 4022 τὸν
732 3974 874 4038 Dendurgc,
886 3975 1051 4023 unconscious
1062 3976 1118 4024 that
1126 3975 1283 4023 lriraselfwas

128 4059 285 4119 Δημιουργὸν,
304 4059 344 4105 καὶ
363 4058 451 4119 Κύριον
465 4057 524 4119 (areb.
540 4054 680 4118 ὑπηρχένοι)
731 4054 775 4102 tho
789 4059 865 4117 agent
881 4055 910 4103 ol
923 4071 940 4103 a
953 4055 1066 4119 superior
1078 4070 1169 4119 power,
1185 4054 1284 4102 created

129 4144 208 4199 πάσης
225 4142 268 4198 τῆς
285 4140 460 4201 πραγματείας,
731 4138 775 4185 the
796 4137 880 4186 world.
911 4137 957 4187 See
979 4139 1022 4187 the
1043 4154 1147 4202 passage
1169 4135 1219 4185 and
1239 4136 1284 4185 she

178 4218 225 4267 ³ct
242 4236 320 4267 seems
337 4226 364 4268 to
380 4224 505 4283 represent
522 4220 587 4268 ἀλλὰ
600 4220 640 4268 sel
655 4218 681 4267 in
732 4224 791 4268 note
806 4225 833 4268 to
849 4219 929 4268 which
946 4219 1041 4269 Gttsss
1057 4219 1141 4277 rulers,
1158 4218 1185 4267 in
1202 4218 1284 4267 which

129 4304 172 4351 the
195 4303 286 4362 Greek,
311 4302 354 4350 the
380 4303 481 4351 Casan.
506 4302 564 4351 MS.
588 4303 682 4364 liaving
732 4303 775 4351 the
791 4302 871 4351 words
884 4303 913 4351 el
927 4302 1074 4359 Heracleon,
1093 4316 1127 4349 an
1142 4298 1285 4349 immediate

129 4384 209 4433 scatet.
732 4383 841 4431 hillowcr
870 4382 899 4429 of
926 4381 1085 4439 Valentinus,
1114 4395 1156 4429 are
1181 4378 1284 4443 quoted.

178 4465 338 4523 ⁴dircrtisse,
369 4466 412 4514 the
439 4466 536 4529 passive
564 4464 681 4527 decerpt-
732 4465 844 4527 Spics'lcp.
860 4464 930 4513 Ilrcr.
943 4464 1001 4511 Sec.
1015 4478 1039 4513 a.
1056 4462 1128 4511 Tem.
1141 4474 1172 4512 11.
1184 4478 1228 4527 pp.
1241 4460 1282 4525 81,

131 4552 220 4611 preter
231 4550 305 4612 being
316 4548 583 4597 renderedasmiddle.
733 4559 788 4607 ²34·
824 4546 945 4608 Compare
962 4560 986 4607 p.
996 4540 1052 4605 266,
1064 4550 1123 4593 nete
1135 4558 1157 4593 a.
