2954 4986
403 336 609 390 DEVITATIS
635 336 940 399 QUAESTIONIBUS.
1168 324 1235 388 353

80 489 145 554 rsle
169 489 291 554 initium
313 489 480 576 accipiens,
506 490 676 576 Scripturae
700 510 757 554 nos
780 489 909 554 docent.
934 489 1008 574 quid
1031 497 1139 554 sutem
1163 499 1237 555 ante
1258 513 1346 554 oran.
1355 517 1393 556 ιιι.

80 593 140 658 hoc
166 592 254 657 Deus
282 592 325 656 sit
348 601 506 678 operatus,
534 592 619 656 nulla
646 591 807 676 Scriptura
831 590 1022 655 manifestat.
1067 564 1402 693 ¹SubJecet⁰g1gsrlllu

80 715 156 780 ergo
181 695 248 758 haec
275 693 436 779 responsio
458 694 542 758 Deo:
581 702 613 758 et
637 715 700 758 non
726 693 771 757 ita
794 692 917 769 stultam
932 702 965 757 et
988 693 1056 758 sine
1075 693 1238 778 disciplina
1253 699 1399 783 Q

80 795 278 881 blasphemas
292 795 469 860 adinvenire
481 794 576 860 ²velle
590 794 789 880 prolationes
801 798 853 858 ³et
866 816 921 879 per
932 794 991 858 hoc
1007 795 1089 879 quod
1101 804 1193 878 putas
1206 804 1238 860 te

81 898 235 964 invenisse
268 898 407 965 materiae
436 898 651 985 prolationem,
682 897 785 985 ipsum
812 897 916 962 Deum
946 896 999 984 qui
1029 896 1103 962 fecit
1133 898 1238 962 omnia

80 1003 256 1089 reprobare.

536 1221 637 1287 OAP.
660 1219 775 1285 XLII.

85 1378 249 1454 Osteosio
276 1377 451 1477 quomam
481 1377 566 1450 Nus
593 1376 718 1472 Lepos,
747 1388 780 1448 et
808 1375 925 1472 Lepos
959 1375 1052 1465 Nus,
1088 1389 1120 1450 et
1154 1376 1241 1451 Nus

160 1497 238 1595 ipse
269 1509 318 1569 est
346 1495 464 1568 Pater
492 1493 676 1567 munium:
712 1490 889 1589 quomodo
917 1491 963 1565 cle
991 1490 1241 1568 emissionibus

161 1639 285 1687 emet-m
311 1637 426 1686 sermo
457 1609 609 1685 ostendit
638 1609 791 1682 Puteum
825 1608 1072 1706 compositum,
1100 1623 1133 1684 et
1167 1636 1240 1685 nore

161 1728 372 1829 simplicem,
409 1754 474 1801 mcc
516 1726 753 1824 teriisormom:
795 1739 837 1816 et,
874 1725 1048 1824 quostiam
1085 1754 1157 1801 uon
1191 1742 1240 1803 est

160 1843 363 1934 uerisimile,
416 1843 572 1918 Verbum
605 1840 683 1916 Dei
719 1841 865 1916 tertium
898 1842 1029 1916 habere
1063 1869 1088 1916 ο
1123 1844 1240 1919 Putre

162 1960 395 2037 emissionem.

88 2142 117 2204 l.
165 2136 599 2214 Ooc1rnrsenirn,oomnes
620 2135 672 2222 qui
687 2134 762 2199 talia
776 2134 970 2212 adinvenitis,
986 2156 1057 2199 curn
1073 2135 1139 2222 ipse
1157 2135 1242 2202 solus

87 2240 185 2305 Pater
200 2239 288 2304 Deus
302 2237 433 2314 dicotur,
449 2237 501 2323 qui
517 2244 549 2301 et
563 2258 634 2300 vere
649 2244 708 2313 est,
724 2257 816 2322 quem
831 2256 886 2300 vos
902 2235 1108 2323 Demiurgum
1121 2237 1240 2314 dicitis3

86 2343 142 2408 sed
170 2350 203 2408 et
231 2364 302 2407 cunr
328 2340 496 2426 Scripturas
522 2339 605 2404 huno
634 2338 734 2404 solum
760 2338 863 2403 sciunt
892 2338 1016 2413 Demn;
1040 2340 1096 2404 sed
1116 2348 1150 2405 et
1171 2363 1242 2406 cum

88 2445 243 2510 Dominus
272 2444 355 2508 huno
379 2443 479 2517 solum
504 2442 670 2507 confitetur
698 2441 855 2526 proprium
887 2441 1024 2518 Patrem,
1048 2449 1081 2506 et
1109 2442 1243 2508 alterum

88 2547 216 2623 nesciat,
229 2547 310 2611 sicut
325 2568 364 2611 ex
382 2545 458 2631 ipsis
471 2546 539 2631 ejus
553 2545 654 2609 verbis
666 2545 883 2609 ostendemus:
902 2544 1025 2630 quando
1038 2545 1121 2612 hunc
1142 2546 1244 2631 ipsum

88 2651 167 2715 labis
188 2649 291 2714 dicitis
321 2649 465 2726 fructum,
496 2656 529 2713 et
553 2647 735 2734 ignorantiae
760 2646 973 2733 prolationem,
999 2655 1032 2711 et
1055 2648 1244 2714 nescientem

89 2759 178 2839 ⁴quse
192 2753 256 2817 sint
270 2773 362 2837 super
376 2773 457 2830 eum,
473 2759 505 2815 et
529 2772 720 2838 quaeounque
742 2750 802 2814 alia
818 2750 920 2815 dicitis
935 2750 974 2815 de
988 2772 1036 2827 eo,
1051 2752 1245 2817 considerate

89 2853 336 2942 magnitudinem
358 2852 558 2939 blasphemiae
579 2852 611 2916 in
633 2875 715 2930 eum,
732 2852 868 2938 quivere
888 2862 937 2918 est
958 2853 1056 2920 Deus.
1101 2855 1245 2921 Graviter

90 2957 213 3042 quidem
229 2965 261 3020 et
274 2955 406 3019 honeste
420 2954 565 3019 videmini
587 2955 699 3030 dicere,
715 2976 769 3018 vos
790 2953 821 3016 in
842 2952 946 3019 Deum
966 2955 1111 3028 credere;
1132 2955 1245 3020 dehinc

89 3058 220 3122 alterum
242 3057 345 3120 Deum
367 3078 437 3120 cum
464 3055 590 3118 minime
609 3055 736 3140 possitis
757 3054 930 3129 ostendere,
953 3055 1037 3118 hunc
1059 3055 1171 3140 ipsum,
1195 3057 1245 3121 ⁵in

90 3181 182 3245 quem
197 3158 321 3223 credere
333 3180 388 3223 vos
402 3157 515 3235 dicitis,
528 3157 622 3221 “labis
631 3157 776 3232 fructum,
796 3163 828 3219 et
848 3156 1031 3242 ignorantiae
1043 3157 1246 3242 prolationem

90 3261 304 3347 pronuntietis.

157 3368 187 3431 2.
235 3365 316 3428 Haec
336 3370 441 3428 autem
461 3362 596 3440 caecitas,
612 3371 644 3428 et
658 3360 884 3446 stultiloquium
906 3361 978 3426 inde
992 3363 1133 3448 provenit
1148 3353 1259 3442 vobis,

92 3467 173 3552 quod
195 3465 271 3530 nihil
294 3465 364 3530 Deo
386 3464 566 3539 reservetis;
586 3464 642 3529 scd
663 3472 697 3530 et
717 3463 813 3550 ipsius
829 3463 900 3542 Dei,
915 3472 948 3529 et
964 3464 1096 3530 Ennoem
1119 3468 1197 3554 ejus,
1213 3476 1246 3534 et

92 3657 189 3716 κονισθῇ
200 3657 224 3703 ἐν
235 3657 286 3705 ταῖς
298 3657 323 3715 ἐξ
335 3658 466 3715 δυνάμεσιν,
481 3659 550 3704 ἔσται
563 3656 638 3716 οὐσίᾳ,
741 3653 752 3685 ³
769 3657 809 3702 rol
825 3657 864 3704 διὰ
880 3658 923 3704 τοῦ
936 3657 1012 3704 δοκεῖν
1024 3674 1051 3705 σε
1069 3658 1200 3717 εὑρηκέναι.
1210 3696 1215 3705 .
1225 3694 1245 3706 ..

91 3739 194 3796 δυνάμει,
213 3739 317 3796 μεγέθει,
337 3739 525 3797 ἀποτελέσματι,
541 3739 584 3796 μία
602 3739 641 3784 καὶ
694 3738 766 3784 αὐτὸν
777 3738 819 3784 τὸν
831 3738 895 3785 θεὸν.
904 3739 1049 3798 ..ἐλέγχειν

92 3820 184 3877 hadri
199 3819 231 3880 τῇ
246 3820 368 3878 ἀγεννήτῳ
381 3820 421 3865 καὶ
437 3819 563 3879 ἀπεράννῳ
575 3819 641 3866 durd-
743 3815 755 3846 ⁴
772 3832 823 3878 qua
840 3816 896 3875 unt,
915 3817 1010 3865 Genua
1028 3818 1072 3866 has
1088 3819 1131 3881 qui
1144 3818 1183 3881 eit,
1201 3820 1247 3869 but

91 3918 138 3959 μει,
165 3900 233 3948 Phil.
257 3912 292 3948 vt.
321 3914 357 3959 ιο,
382 3901 463 3948 where
486 3901 643 3957 ἀποτέλεσμα
694 3897 737 3944 the
749 3896 852 3960 reading
863 3897 977 3946 followed
988 3899 1077 3948 iethet
1089 3901 1197 3965 adopted
1213 3902 1248 3965 by

92 3983 211 4047 similarly
233 3998 340 4047 convoys
362 3983 405 4031 the
431 3982 487 4030 ides
512 3982 541 4030 of
562 3981 643 4030 active
696 3978 824 4027 Massus'r
833 3996 864 4028 on
872 3980 914 4029 the
922 3980 986 4029 seith
995 3981 1024 4029 of
1028 3982 1178 4032 theostum.
1189 3983 1246 4033 MS.

92 4080 190 4127 energy.
695 4062 745 4110 and
767 4062 787 4111 it
809 4062 830 4111 is
852 4063 972 4127 certainly
993 4064 1127 4128 supported
1149 4065 1183 4129 by
1204 4065 1248 4113 tho

141 4144 150 4175 ²
167 4144 275 4205 subjacet,
290 4146 419 4192 ὑποκεΐται.
696 4144 776 4193 words
786 4145 864 4197 found
875 4151 902 4195 at
912 4163 937 4211 p.
952 4144 992 4207 63,
1005 4147 1046 4195 τὸν
1057 4146 1246 4209 θὲΔημιοοργθν,

140 4223 152 4254 ¹
163 4225 257 4272 Gsnsn
268 4226 294 4273 in
303 4225 352 4273 thie
359 4229 473 4274 sentence
481 4224 645 4274 understands
697 4228 742 4276 ἀτε
753 4229 885 4288 ἀγνοοῦντα
896 4230 928 4277 τά
940 4229 999 4290 ὑπὲρ
1011 4229 1089 4277 αὐτόν.

92 4307 163 4354 eloco.
199 4306 213 4354 1
228 4307 310 4355 would
324 4308 443 4370 proferto
458 4307 571 4355 consider
589 4307 647 4356 aelle
746 4304 757 4336 ³
774 4304 801 4353 in
819 4320 894 4369 quern,
914 4306 957 4354 tho
977 4304 1078 4354 Cannu.
1097 4304 1148 4354 end
1165 4304 1247 4357 Voss.

93 4404 120 4436 as
135 4390 306 4452 representing
323 4389 352 4436 τό
370 4389 453 4448 θέλειν,
471 4388 487 4437 i.
497 4405 517 4437 e.
532 4388 590 4436 This
601 4404 645 4436 οα-
698 4386 775 4436 MSS.
789 4388 851 4435 omit
861 4387 904 4435 ths
915 4385 1078 4450 proposition.

93 4468 513 4517 arcerisinrutordinotiontodue
529 4484 648 4517 reruroice
747 4466 861 4525 “Gerasa
890 4467 1052 4529 ὑστερήματος
1086 4467 1178 4531 captiv
1209 4470 1252 4521 rel

89 4549 134 4610 sor
147 4548 205 4609 (lod,
221 4557 260 4595 not
271 4549 344 4598 sothe
355 4549 432 4597 desire
443 4557 465 4596 to
476 4548 562 4607 iurent,
578 4550 619 4597 &o
700 4550 796 4607 ἀγνοίας
808 4549 931 4609 προβολὴν
942 4548 1113 4609 ἀποφαίνεσθε.
1132 4548 1208 4599 Bm..

1336 4632 1390 4691 „A
