2954 4986
229 347 296 414 378
580 359 710 414 NULLA
735 360 802 414 EST
827 357 1033 415 cumenae

97 537 155 624 riq
159 538 187 579 11.
229 515 385 602 poculum,
400 521 516 602 putans
525 535 561 580 se
575 535 630 600 per
643 513 703 579 boc
718 513 856 600 aporiam
871 512 1050 600 hujusmodi
1061 512 1200 601 effugere
1214 537 1222 579 :
1237 514 1380 580 ostensio

77 631 207 718 offiqip
231 640 304 684 nem
315 619 441 703 quidem
456 617 571 683 nullam
581 618 709 696 taciens,
722 617 899 704 dogmatice
910 625 1014 683 autem
1026 618 1230 702 respondens,
1241 617 1382 704 quoniam

92 726 193 764 ¹¹¹¹¹¹12
232 720 426 786 introeuntes
439 720 551 786 animae
566 720 598 785 in
618 721 700 786 benc
721 720 828 799 vitam,
848 722 890 787 ab
909 743 947 787 eo
969 721 1021 808 qui
1041 731 1090 786 est
1112 743 1209 808 super
1227 721 1382 786 introitum

232 825 383 902 daemone,
399 825 578 911 priusquam
593 826 626 889 in
640 846 769 910 corpora
788 825 915 903 intrent,
932 830 1096 911 ¹petantur
1113 825 1281 890 oblivione.
1325 825 1384 890 'Et

232 928 325 992 latuit
338 928 541 1013 semetipsum
555 929 586 992 iu
600 928 730 993 alteram
745 928 894 1013 majorem
909 928 1049 993 incidens
1061 928 1215 1015 aporiam.
1253 929 1289 993 Si
1307 929 1384 994 euim

232 1031 395 1096 oblivionis
422 1032 569 1117 poculum
600 1040 715 1118 potest,
745 1040 950 1118 posteaquam
977 1032 1128 1098 ebibitum
1156 1040 1220 1111 eet,
1249 1033 1384 1097 omnium

232 1133 386 1199 tactorum
400 1134 563 1199 obliterare
577 1135 767 1213 memoriam,
783 1135 843 1200 hoe
857 1136 960 1221 ipsum
974 1136 1055 1202 unde
1074 1136 1137 1201 scis
1157 1158 1179 1200 o
1199 1134 1305 1213 Plato,
1320 1157 1384 1200 eum

232 1237 276 1302 sit
299 1260 382 1302 nuuc
404 1238 437 1301 in
460 1260 588 1323 corpore
611 1239 717 1304 anima
738 1247 803 1317 tua,
830 1240 987 1326 quoniam,
1010 1240 1194 1327 priusquam
1218 1240 1253 1304 in
1279 1262 1385 1325 corpus

232 1339 378 1418 introeat,
395 1362 416 1404 a
430 1340 572 1406 daemone
587 1350 697 1428 potata
710 1350 758 1406 est
773 1341 937 1408 oblivionis
951 1343 1234 1410 medicamentum?
1258 1343 1295 1408 Si
1309 1343 1384 1407 enim

233 1442 416 1520 daemouem,
446 1452 480 1525 qt
512 1445 667 1529 poculum,
696 1453 729 1510 et
766 1445 928 1510 introitum
956 1445 1172 1525 reminisceris,
1203 1453 1238 1511 et
1274 1446 1385 1531 reliqua

233 1554 356 1631 oportet
379 1570 568 1633 cognoscas:
593 1547 621 1613 si
644 1556 750 1614 autem
776 1548 829 1614 illa
850 1549 985 1637 ignoras,
1008 1572 1108 1636 neque
1135 1550 1264 1616 daemon
1290 1571 1383 1626 verus

232 1669 333 1736 neque
345 1649 512 1716 artificiose
527 1651 735 1739 compositum
749 1651 911 1719 oblivionis
926 1652 1095 1739 poculum³.

709 2003 810 2069 OAP.
835 2002 912 2069 LII.

395 2158 557 2234 Osteee'o
579 2157 753 2258 qeoeiem
775 2182 1002 2257 conpescere
1025 2170 1073 2232 cst
1094 2155 1236 2232 obliuio.

300 2348 485 2410 onnasus
501 2352 607 2410 autem
621 2366 685 2423 eos,
701 2342 754 2431 qui
770 2342 878 2409 dicunt
896 2342 997 2430 ipsum
1011 2365 1125 2429 corpus
1139 2365 1211 2409 esse
1225 2342 1383 2408 oblivionis

233 2453 504 2530 medicamentum,
528 2457 669 2517 occurret
691 2451 768 2516 hoc:
794 2450 957 2532 Quomodo
980 2448 1075 2537 igitur
1099 2449 1311 2538 quodcunque
1334 2471 1383 2536 per

232 2556 432 2642 semetipsam
445 2555 549 2625 arriura
564 2554 657 2632 videt,
672 2555 752 2619 etin
771 2553 900 2618 somniis
913 2562 946 2618 et
960 2553 1131 2620 secundum
1152 2554 1382 2640 cogitationem,

233 2659 348 2723 mentis
367 2659 582 2737 intentionem,
604 2680 731 2744 corpore
750 2657 938 2744 quiescente,
960 2657 1028 2742 ipse
1048 2655 1270 2736 reminiscitur,
1289 2669 1322 2722 et
1341 2677 1383 2720 re

231 2761 357 2824 nuntiat
379 2760 551 2846 proximis?
588 2760 651 2824 Sed
667 2760 846 2846 nequidem
861 2781 899 2824 ea
919 2779 989 2844 quae
1008 2757 1081 2823 olim
1101 2758 1212 2846 agnita
1234 2767 1320 2837 sunt,
1334 2765 1385 2822 aut

230 2884 287 2949 per
301 2861 416 2941 oculos,
425 2869 481 2926 eut
491 2885 546 2949 per
560 2861 711 2941 auditum,
724 2861 915 2927 meminisset
927 2862 1030 2926 anima
1041 2861 1074 2925 in
1086 2883 1216 2948 corpore
1224 2862 1383 2938 exsistens

230 2967 259 3032 si
283 2974 367 3033 esset
396 2989 509 3054 corpus
532 2966 666 3042 oblivio;
696 2966 751 3032 sed
774 2965 867 3031 simul
892 2973 987 3050 atque
1015 2965 1056 3030 eb
1085 2965 1238 3052 inspectis
1266 2967 1384 3031 abesset

231 3195 299 3229 more
310 3179 411 3244 general
425 3180 486 3228 than
498 3179 520 3226 is
531 3177 628 3241 usually
640 3175 782 3240 imagiued),
883 3175 892 3207 ¹
910 3175 1161 3225 Potanteroblioioae.
1180 3175 1337 3225 Platonicam
1345 3174 1384 3222 loc

231 3263 264 3310 its
284 3261 431 3310 antecedent
448 3261 612 3324 immortality
631 3259 683 3308 aleo
701 3274 750 3307 eas
769 3274 785 3306 a
833 3258 953 3307 somnium
965 3258 1142 3321 acerrimcpoet
1154 3258 1279 3307 Irmoeem
1294 3259 1382 3321 impee-

230 3344 385 3392 coordiuate
401 3348 477 3404 tenet,
491 3344 512 3391 it
527 3344 621 3406 having
635 3343 696 3391 been
710 3357 726 3389 n
736 3346 784 3389 set·
834 3347 895 3389 met
909 3341 1007 3391 TerteIl.
1026 3341 1082 3390 lior.
1095 3340 1126 3389 de
1141 3341 1236 3403 eeiree,
1256 3341 1330 3404 oepit.
1342 3338 1382 3388 od

230 3425 280 3474 tled
288 3427 408 3488 principle
415 3426 662 3487 thatasnothingcau
667 3439 724 3488 pesa
732 3424 785 3472 into
834 3439 914 3472 terete
925 3423 1037 3471 Platonis
1051 3424 1168 3482 μαθήσεις
1185 3425 1226 3472 cel
1238 3425 1382 3483 ὼψήσεις.

230 3507 344 3569 nothing,
358 3507 499 3568 eonothing
505 3522 550 3553 can
559 3506 645 3568 spring
651 3506 715 3553 from
723 3522 783 3553 non·
835 3505 986 3568 depertinet
996 3504 1037 3554 tit.
1051 3516 1099 3554 m.
1112 3504 1142 3554 dc
1154 3503 1277 3555 Trinitete
1287 3521 1339 3569 cap.
1348 3518 1382 3566 15,

230 3587 310 3651 outity
318 3605 324 3648 ;
341 3603 368 3635 ao
383 3589 532 3634 Aarsrornn
547 3586 662 3646 declares,
676 3587 785 3644 μάλιστα
834 3595 855 3636 et
866 3587 908 3636 lit.
918 3600 937 3636 1.
948 3587 1117 3636 Retroetotion.
1131 3602 1185 3650 cap.
1197 3606 1220 3647 4·
1234 3595 1256 3637 et
1268 3587 1381 3638 lebrovu.

232 3673 374 3731 φοβούμενοι
383 3671 524 3728 διετέλησαν
532 3670 553 3717 el
560 3669 661 3716 eniteret
668 3667 696 3718 τὸ
704 3670 730 3717 ἐκ
740 3687 784 3728 μη-
834 3669 864 3718 tle
876 3669 959 3718 (tmesi
969 3669 1005 3718 ed
1015 3669 1050 3718 te.
1063 3686 1117 3733 cap.
1126 3685 1150 3735 9,
1164 3685 1202 3730 10,
1220 3685 1256 3733 ΙΙ,
1274 3679 1297 3721 d
1310 3671 1349 3721 bt.
1359 3682 1381 3719 x.

230 3754 294 3802 δενὸς
304 3754 444 3813 γίνεσθαὶτι
454 3753 658 3815 προϋπάρχοντος·
670 3753 720 3801 and
731 3753 783 3801 itis
832 3768 888 3814 cop.
901 3769 924 3813 4.
947 3751 1049 3815 deeiqee
1070 3759 1090 3800 et
1104 3751 1250 3803 ffltontiee
1268 3753 1382 3803 labrem.

230 3833 257 3881 iu
268 3834 417 3881 accordanoe
429 3835 490 3882 with
501 3834 551 3882 this
562 3833 618 3882 tbet
630 3834 718 3882 Penne
727 3851 783 3899 aays
833 3849 887 3896 cop.
902 3847 941 3883 ee.
975 3833 1088 3883 betheum
1095 3849 1171 3896 perro
1176 3833 1286 3896 flectere
1297 3841 1382 3894 meant,

231 3915 259 3963 of
271 3916 314 3963 tbe
325 3915 504 3978 pre-existence
519 3915 548 3963 of
559 3915 602 3963 the
613 3915 675 3974 eoul,
693 3913 722 3974 ήν
737 3918 784 3964 τοῦ
833 3918 898 3981 qeod
915 3917 932 3976 ή
950 3918 1014 3976 λήθη
1031 3917 1173 3967 oblivionem
1188 3919 1315 3982 nprrifiee
1345 3919 1383 3968 Et

230 3997 297 4057 ήμῶν
308 3997 324 4056 ἡ
336 3998 405 4060 ψυχή
421 3998 476 4058 πρὶν
491 3999 516 4045 ἐν
527 3996 589 4057 τῷδε
600 3997 635 4057 rei
646 3997 784 4059 ἀνθρωπίνῳ
832 4001 904 4061 enim,
918 4008 945 4048 et
955 3999 1020 4050 idem
1035 4000 1109 4049 Plato
1124 4001 1223 4062 censuit,
1238 4004 1283 4062 τῆς
1297 4003 1384 4061 μνήμης

231 4081 287 4127 εἴδει
303 4080 425 4141 γενέσθαι,
441 4077 504 4126 ὥστε
520 4080 559 4127 rel
575 4081 653 4141 ταύτῃ
665 4080 784 4128 ἀθάνατόν
834 4085 918 4143 ἔξοδος.
937 4083 975 4131 De
985 4081 1174 4144 codcmflemr'er
1184 4084 1252 4132 canit
1269 4083 1384 4147 t'irffl'b'e

229 4178 253 4209 τι
263 4162 359 4219 ἔοικενῆ
368 4161 508 4223 ψυχήεῖναι.
518 4160 617 4209 Plvude.
636 4161 782 4210 Tbenotion
833 4165 861 4214 ie
873 4177 909 4214 vl.
923 4165 1024 4215 AEttet'd.
1037 4165 1140 4229 explicet
1155 4182 1210 4215 tere
1226 4167 1328 4230 (joadae
1338 4182 1383 4229 tay

229 4259 280 4291 was
293 4245 482 4308 Pythagoream
499 4243 545 4292 but
560 4244 718 4308 Pythagoras
733 4245 783 4292 had
832 4246 962 4308 tboloyiem
979 4247 1119 4296 Mwobiee
1140 4247 1183 4297 lib.
1201 4261 1221 4299 1.
1244 4249 1276 4298 de
1292 4248 1383 4299 soene

228 4326 249 4374 it
261 4326 324 4374 from
336 4327 374 4375 his
385 4328 520 4376 instructor
531 4327 685 4391 Pherecydes
694 4328 779 4392 Syrus,
832 4329 962 4391 Scipionis.
982 4330 1101 4378 Fuerat).

232 4407 531 4469 who(010.Tear.Qe.1.
547 4408 585 4472 16)
598 4409 700 4458 Primus
719 4410 782 4458 dicit
882 4411 1010 4461 ’Ἔλαθεν
1032 4415 1117 4462 ἑαυτὸν
1134 4416 1167 4464 elr
1189 4416 1275 4477 ἑτέραν
1293 4416 1382 4475 μείζονα

228 4489 324 4537 animer
334 4489 458 4538 bominem
470 4508 515 4541 eece
525 4493 685 4556 sempiternos,
699 4510 781 4543 mean·
832 4497 970 4557 repererim
981 4497 1089 4558 ἀπορίαν.
1109 4496 1183 4545 Bura.

227 4567 272 4631 ing
288 4584 320 4616 en
336 4572 524 4621 antecedentes
536 4575 631 4624 wellas
642 4592 658 4624 a
668 4592 780 4640 pmspec·
882 4576 893 4607 ³¹
910 4579 964 4626 οὐδὲ
975 4578 988 4626 ὁ
1000 4578 1089 4636 δαίμων
1100 4578 1200 4639 ἀληθής,
1218 4580 1270 4628 ott·
1280 4580 1293 4628 d
1303 4593 1380 4638 mex·

227 4648 279 4696 tive
290 4649 405 4714 eternity
833 4660 933 4717 νωμένος
949 4661 993 4718 τῆς
1009 4660 1084 4718 λήθης
1101 4661 1200 4722 κρατήρ.
