2954 4986
240 328 305 392 142
704 341 922 394 innuuntur

74 517 224 604 ¹5¹&th
239 502 318 574 eluat
338 509 401 575 τοῦ
424 505 587 602 ὁρωμένου
605 501 739 580 παντός.
777 502 952 601 Κέχρηται
972 498 1031 584 μὲν
1051 497 1105 571 οὖν
1125 497 1224 576 αὐτὸς
1246 493 1318 604 [Η.

1443 612 1469 650 ιι

74 610 224 700 Ἥρω·
238 615 337 692 αὐτὸς
357 627 377 690 l.
395 610 469 720 καὶ]
506 616 603 692 οὗτοι·
621 613 708 705 τῷδε
731 623 779 704 τῷ
804 617 901 713 ἔργῳ,
926 617 967 690 ὡς
989 612 1189 711 αὐθαιρέτως
1214 611 1268 682 ὑπ’
1295 611 1437 683 ahot*

73 726 224 736 *⁸*
239 730 412 820 γενομένῳ·
442 726 544 799 ’τάδε
563 726 712 812 διακόνει,
735 731 911 810 μιμήματα
936 728 1018 797 ὄντα
1042 729 1109 797 τῶν
1131 721 1315 808 ἆμιμῆτων,
1338 726 1399 808 τὴν

238 841 411 924 ἐνθύμησιν
446 848 506 922 τῆς
533 841 669 940 μητρός.
718 839 789 910 Kal
818 841 837 910 ὁ
865 836 924 922 μέν
952 843 1086 937 πρῶτος
1115 835 1252 936 οὐρανὸς
1287 839 1399 936 φθέγ·

238 980 336 1045 γεται
357 950 400 1024 τὸ
421 983 450 1036 α,
475 951 547 1024 <idi
572 949 659 1035 μετὰ
683 957 807 1024 τοῦτον
825 950 869 1023 τὸ
891 983 927 1036 ει,
949 953 968 1022 ὁ
989 949 1024 1020 δέ
1040 951 1157 1049 τρίτοι·
1182 981 1209 1033 n,
1227 951 1397 1048 τέταρτος

239 1062 274 1135 δὲ
309 1065 363 1135 καὶ
399 1066 501 1149 μέσος
537 1069 603 1136 τῶν
630 1066 717 1136 ἑπτα
746 1063 806 1146 τὴν
834 1069 897 1136 τοῦ
924 1095 934 1133 ι
965 1061 1095 1145 δύναμιν
1129 1063 1277 1160 ἐκφανεῖ,
1305 1064 1326 1133 ὁ
1362 1060 1396 1132 δέ

238 1178 393 1259 πέμπτος
413 1174 456 1248 τὸ
475 1207 519 1259 ου,
543 1178 638 1252 ἕκτος
661 1174 696 1246 δέ
712 1176 756 1248 τὸ
781 1208 806 1258 υ,
827 1174 971 1264 ἕβδομος
990 1171 1060 1281 [Η.
1081 1169 1136 1278 δέ]
1154 1174 1208 1244 καὶ
1226 1175 1396 1273 τέταρτοι

238 1287 307 1359 ἀπὸ
342 1290 459 1387 μέρους
494 1285 564 1394 [Η.
599 1286 668 1358 ἀπὸ
695 1294 758 1360 τοῦ
784 1282 909 1393 μέσον]
940 1286 983 1360 τό
1014 1319 1039 1356 ιο
1071 1296 1247 1383 στοιχεῖον
1279 1288 1392 1377 ἐκβοᾷ,

236 1401 341 1476 καθὼς
368 1405 385 1482 ἦ
417 1397 561 1498 Μάρκου
591 1401 689 1492 Σιγὴ,
716 1405 733 1483 ἦ
763 1398 879 1471 πολλὰ
904 1399 963 1484 μέν
992 1405 1205 1499 φλυαροῦσα,
1234 1397 1336 1482 μηδὲν
1361 1397 1396 1468 δέ

237 1510 357 1594 daath
373 1514 533 1604 λέγουσα,
554 1511 820 1601 διαβεβαιοῦται.
869 1512 1003 1590 Αἵτινες
1021 1508 1165 1595 δυνάμεις
1183 1513 1278 1594 ὁμοῦ,
1299 1512 1394 1610 φησὶ,

238 1628 345 1695 τᾶσαι
381 1627 424 1702 εἷς
461 1624 634 1708 ’ἀλλήλας
667 1632 914 1709 συμπλακεῖσαι
952 1628 1070 1720 ἠχοῦσι
1101 1625 1154 1694 καὶ
1192 1620 1394 1725 δοξάζουσιν
1405 1635 1459 1681 Μ

238 1738 364 1821 ἐκεῖνον,
387 1739 446 1836 ὑφ’
469 1739 511 1808 οὗ
533 1739 804 1834 προεβλήθησαν·
832 1741 850 1819 ri
873 1735 908 1807 di
928 1735 1010 1832 δόξα
1032 1744 1090 1818 τῆς·
1110 1740 1189 1832 ἤχῆς
1214 1732 1287 1841 [Η.
1314 1734 1394 1832 ἤχιί-

238 1844 338 1953 neue]
359 1849 590 1933 ιἰναπέμτεται
609 1851 652 1926 εἷς
670 1848 732 1921 τὸν
751 1846 979 1948 Προπᾶτορα.
1034 1848 1168 1930 Ταύτης
1184 1849 1245 1931 μέν
1263 1879 1320 1920 τοι
1338 1857 1394 1931 τῆς

239 1959 441 2055 ὃοξολογέας
462 1961 523 2034 τὸν
552 1962 635 2056 ἦχον
663 1964 708 2038 αἰ·
732 1962 793 2044 τὴν
819 1969 882 2054 γῆν
908 1962 1094 2060 φερόμενόν
1116 1966 1202 2059 φησι
1234 1957 1395 2043 πλάστην

238 2074 402 2164 γενέσθαι,
420 2074 474 2144 καὶ
494 2075 677 2172 γεννήτορα
694 2079 760 2145 τῶν
777 2074 831 2144 ἐπὶ
849 2081 907 2157 τῆς
926 2082 995 2165 γῆς.

314 2207 347 2276 9.
400 2185 472 2268 Τὴν
501 2184 536 2256 δέ
565 2183 734 2280 ἀπόδειξιν
761 2187 855 2284 φέρει
886 2184 955 2256 dard
985 2190 1052 2257 τῶν
1080 2183 1159 2285 ἄρτι
1191 2186 1394 2276 γεννωμένων

237 2424 444 2490 hebdomadis
464 2421 593 2489 virtutis
619 2421 772 2487 animavit
794 2423 956 2502 mundum,
977 2431 1012 2489 et
1035 2422 1173 2488 animam
1198 2423 1306 2510 posuit
1327 2446 1393 2488 esse

237 2523 330 2609 hujus
342 2523 478 2588 universi
489 2523 574 2608 quod
587 2522 721 2587 videtur.
747 2521 863 2587 Utitur
876 2531 1028 2588 autemst
1040 2522 1107 2608 ipse
1121 2522 1182 2586 hoe
1195 2545 1294 2609 opere
1304 2525 1392 2610 quasi

237 2631 411 2707 spontanee
422 2624 463 2687 ab
474 2623 542 2707 ipso
553 2622 652 2687 lacto:
672 2621 872 2707 reliquavero
883 2622 1153 2695 ministrantem
1162 2622 1228 2688 sint
1239 2622 1390 2690 imitatio

238 2743 294 2786 nes
311 2720 521 2796 imitabilium,
534 2720 732 2808 enthymesin
744 2720 866 2786 matris.
912 2720 959 2787 Et
975 2721 1112 2807 primum
1126 2722 1255 2807 quidem
1278 2725 1391 2789 eoelum

237 2828 330 2886 sonat
348 2821 390 2899 A,
410 2822 495 2906 quod
517 2828 625 2885 autem
646 2827 695 2885 est
710 2830 783 2906 post
799 2820 887 2884 illum
905 2821 944 2896 E,
963 2821 1096 2887 tertium
1112 2829 1221 2886 autem
1239 2821 1285 2899 H,
1300 2845 1391 2909 quar·

238 2932 308 2986 tum
325 2943 400 2986 vero
412 2928 447 2986 et
459 2920 598 2985 medium
618 2919 742 2984 numeri
759 2943 805 2983 vn
822 2919 904 2986 Iotae
920 2921 1072 2986 virtutem
1087 2927 1227 2995 enarrat,
1245 2923 1391 3008 quintum

238 3043 313 3086 vero
331 3025 372 3102 Ο,
396 3028 523 3087 sextum
546 3027 656 3085 autem
673 3022 716 3101 Υ,
742 3018 913 3105 septimum
939 3029 1047 3086 antem
1072 3028 1106 3086 et
1131 3043 1162 3084 ιν
1188 3042 1209 3085 a
1235 3022 1342 3087 medio
1364 3027 1392 3089 Ω

238 3120 429 3186 elementum
460 3120 627 3198 exclamat,
654 3119 920 3204 quemadmodum
949 3121 1053 3184 Marei
1083 3120 1166 3206 Sige,
1195 3144 1269 3206 quoe
1292 3122 1393 3186 multa

238 3221 364 3305 quidem
378 3220 538 3306 loquacius
551 3219 744 3304 exsequitur,
756 3217 832 3281 nihil
844 3227 952 3284 autem
965 3241 1075 3283 verum
1087 3219 1229 3304 loquens,
1243 3221 1391 3288 affirmat

238 3318 320 3394 Quae
337 3320 482 3392 virtutes,
501 3318 557 3396 ait,
575 3340 683 3382 omnes
700 3317 793 3381 simul
815 3317 848 3381 in
863 3317 996 3384 invicem
1014 3319 1198 3405 eomplexae,
1219 3329 1338 3387 sonant
1358 3328 1392 3385 et

237 3417 416 3503 glorificant
433 3417 521 3481 illum
547 3439 567 3480 a
592 3440 654 3501 quo
675 3416 796 3481 emissae
814 3424 899 3490 sunt,
921 3417 1023 3505 gloria
1040 3429 1149 3483 autem
1165 3419 1235 3483 soni
1250 3420 1392 3486 mittitur

239 3515 271 3578 in
289 3517 506 3601 Propatorem.
561 3515 667 3600 Hujus
689 3524 797 3581 autem
822 3516 1059 3603 glorificationis
1080 3539 1193 3583 sonum
1214 3518 1246 3582 in
1271 3528 1391 3586 terram

239 3614 380 3679 delatum
407 3615 453 3680 ait
473 3615 699 3701 plasmatorem
724 3616 854 3692 laetum,
879 3625 912 3682 et
938 3624 1161 3704 generatorem
1185 3640 1391 3707 eorumquae

238 3715 362 3779 suntin
381 3717 494 3782 terra⁸.

315 3818 345 3881 9.
401 3817 622 3884 Ostensionem
640 3827 748 3885 autem
766 3819 859 3885 affert
873 3818 915 3883 ab
932 3817 970 3882 iis
985 3818 1038 3904 qui
1055 3839 1138 3882 nuno
1155 3827 1332 3884 naseuntur
1346 3819 1391 3884 in·

288 4039 296 4070 ¹
316 4039 576 4105 Emmmsagrees
584 4044 644 4091 with
656 4044 699 4092 the
709 4049 788 4092 trans·
839 4045 961 4103 θυμήσεως
978 4061 1001 4093 τ.
1014 4061 1050 4104 μ.,
1069 4045 1151 4093 which
1169 4044 1222 4093 also
1239 4045 1391 4094 hamonises

237 4121 323 4181 lation,
348 4123 395 4171 but
417 4121 587 4172 Hmonrnus
608 4128 723 4187 suggests
744 4125 788 4172 the
837 4125 898 4173 with
909 4125 953 4173 the
963 4124 1153 4189 recapitulation
1165 4125 1192 4174 in
1203 4125 1217 4183 5
1230 4141 1267 4176 ro.

237 4203 344 4266 gannim
354 4204 457 4266 reading
463 4221 470 4263 ;
486 4205 518 4252 he
528 4205 581 4265 hus,
595 4205 629 4252 rt
644 4204 672 4252 δι’
686 4205 786 4262 εἰκόνων,
885 4205 897 4238 ⁸
913 4207 1069 4272 Hippolytus
1079 4209 1125 4258 has
1136 4211 1170 4259 ele
1180 4210 1205 4258 a
1215 4209 1255 4259 ior
1267 4212 1299 4260 ele
1310 4211 1351 4259 ut

236 4285 364 4344 μιμήματα
375 4284 433 4333 ὄντα
443 4286 630 4345 τῶνάμιμὴτων,
638 4287 682 4344 τῆς
690 4287 787 4346 hlauts
885 4286 940 4336 *ιἰι
969 4289 1145 4340 ιατνιιιι....ιίι
1171 4298 1246 4340 terro.
1289 4291 1321 4340 In
1348 4292 1391 4340 the

236 4383 297 4415 σεως
307 4368 350 4426 τῆς
357 4366 454 4430 μητρός.
480 4366 532 4414 The
539 4381 654 4430 presence
660 4366 689 4414 of
693 4365 787 4429 τεΙίοιια
835 4370 968 4418 nannet
980 4370 1037 4421 MS.
1047 4372 1391 4424 thesemthesmendstiom

236 4446 262 4494 in
281 4447 324 4496 the
343 4447 428 4508 Latin,
448 4447 556 4510 justifies
573 4448 617 4497 the
637 4450 785 4498 restoration
835 4451 865 4501 of
871 4453 976 4501 another
986 4453 1062 4514 hand,
1074 4455 1174 4505 written
1184 4455 1390 4505 overlteerm

236 4526 265 4572 of
286 4529 350 4576 ἀλλὰ
372 4529 431 4577 τάδε
455 4529 484 4578 δι’
508 4530 602 4579 nevar
611 4566 682 4579 .....
692 4532 734 4589 τῆς
752 4533 786 4580 ἐν
836 4533 974 4583 ...λέαινα
