2954 4986
487 342 866 398 consunsrnuznanrs.
1180 330 1247 397 315

90 499 124 556 et
138 491 315 558 universum
332 493 486 571 Pleroma,
501 517 540 558 ex
556 516 594 559 eo
608 494 740 560 emissus
761 494 872 560 fnisset
893 495 944 560 hic
964 496 1065 573 AEon,
1088 515 1247 580 nunqnam
1259 514 1410 602 puppup.

90 594 336 660 demutationem
348 597 528 683 perciperet,
541 604 704 663 comesset
718 597 751 660 in
765 597 917 662 similibus
931 605 963 662 et
976 598 1109 662 assuetis
1123 618 1248 663 conver·
1276 573 1393 694 “gff-

90 716 175 774 sans,
199 698 346 783 spiritalis
366 699 399 762 in
420 699 619 785 spiritalibus.
664 699 772 764 Timor
793 699 876 764 enim
898 706 931 763 et
952 699 1197 784 expavescentia,
1213 706 1247 765 et
1259 726 1406 737 —-

89 799 204 884 passio,
215 809 248 864 et
263 800 433 878 dissolutio,
444 809 476 865 et
490 800 575 878 talia,
588 800 621 865 in
635 800 684 864 his
699 800 823 885 quidem
834 823 903 884 quae
918 808 992 865 sunt
1003 801 1174 865 secundum
1188 823 1246 866 nos

90 909 124 965 et
138 902 347 987 corporalibus
361 903 501 967 fortassis
515 903 592 967 fiant
607 923 628 967 a
641 903 821 967 contrariis:
846 901 877 965 in
892 902 1080 989 spiritalibus
1093 911 1198 967 antem
1212 911 1246 968 et

89 1003 235 1068 diffusum
247 1005 433 1071 habentibus
440 1005 554 1083 lumen,
563 1006 630 1090 jam
639 1026 703 1069 non
713 1004 792 1069 tales
801 1012 1032 1089 consequuntur
1041 1003 1246 1072 salernitates.

37 1111 69 1149 ⁵⁹·
91 1104 155 1170 Sed
169 1106 244 1170 mihi
259 1107 400 1173 videntur
414 1110 482 1194 ejus
496 1108 681 1194 passionem,
697 1107 750 1191 qui
765 1115 813 1173 est
823 1107 907 1193 apud
923 1106 1084 1172 (lominum
1096 1107 1246 1172 ¹Menan·

89 1207 180 1271 drum
201 1208 289 1273 vnde
306 1231 416 1275 amans
434 1219 467 1274 et
488 1209 620 1286 odibilis,
641 1209 743 1275 AEoni
765 1231 822 1275 suo
844 1208 1093 1275 circumdedisse.
1138 1209 1246 1298 Magis

88 1310 173 1373 enirn
202 1310 364 1376 infeliciter
385 1312 520 1377 amantis
548 1312 710 1397 cujusdam
736 1311 872 1377 hominis
897 1311 1185 1398 apprehensionem,
1212 1319 1246 1377 et

88 1413 203 1477 mentis
217 1413 450 1499 conceptionem
465 1415 649 1494 habuerunt,
662 1415 716 1500 qui
730 1415 799 1482 haec
809 1416 977 1495 finxerint,
989 1436 1084 1501 quam
1097 1415 1246 1502 spiritalis

88 1523 121 1580 et
135 1515 246 1580 divinae
261 1516 454 1582 substantiae.

533 1731 634 1798 OAP.
657 1728 800 1795 XXVI.

90 1876 276 1968 Quoniam
299 1876 432 1951 Putris
452 1876 642 1976 coequmitio
664 1890 696 1950 et
721 1875 951 1975 investigatio
977 1876 1244 1976 magnitudinis

164 1996 247 2092 ejus,
265 2021 378 2093 neque
400 1993 606 2092 puscionem
629 2020 742 2092 ueqzcc
764 1993 891 2087 laborm
914 1993 979 2069 sut
1003 2007 1138 2071 mutum
1159 2022 1244 2097 per-

146 2110 322 2210 fectionis
325 2110 493 2210 faciebat
511 2110 552 2184 iu
567 2111 697 2186 AEouc.

90 2278 206 2342 Souna
227 2277 295 2342 haec
318 2298 439 2362 quoque
457 2274 636 2363 excogitare
659 2275 699 2340 de
721 2274 887 2360 quaerendo
910 2276 1083 2360 perfectum
1103 2276 1243 2356 Patrem,

86 2387 121 2445 et
146 2379 223 2444 velle
245 2379 327 2443 intra
352 2401 423 2443 eum
452 2379 529 2457 fieri,
553 2385 586 2443 et
614 2377 728 2443 habere
750 2379 819 2464 ejus
840 2379 1156 2463 comprehensionem,
1178 2401 1244 2447 non

85 2483 293 2570 ignorantiam
308 2505 365 2548 nec
380 2483 555 2567 passionem
569 2490 692 2567 poterat
706 2481 841 2558 inficere,
852 2488 886 2546 et
900 2482 960 2547 hoc
975 2483 1076 2546 AEoni
1090 2483 1241 2568 spiritali;

84 2586 142 2652 sed
156 2587 256 2673 magis
271 2584 490 2669 perfectionem
502 2593 535 2650 et
544 2583 822 2669 impassibilitatem
836 2591 869 2649 et
880 2582 1053 2650 veritatem.
1077 2584 1145 2652 Nec
1160 2587 1244 2652 enim

86 2689 156 2774 ipsi,
174 2711 245 2754 cum
265 2689 329 2754 sint
343 2688 495 2766 homines,
511 2688 727 2775 excogitantes
745 2687 785 2752 de
802 2708 841 2752 eo
861 2687 913 2772 qui
933 2694 1009 2752 ante
1027 2688 1113 2774 ipsos
1133 2696 1192 2768 est,
1210 2697 1244 2756 et

85 2793 170 2858 velut
181 2795 247 2878 jam
258 2792 554 2876 comprehendentes
565 2791 745 2876 perfectum,
759 2798 791 2855 et
803 2789 886 2856 intra
899 2792 968 2878 ejus
982 2792 1143 2858 constituti
1155 2794 1243 2881 agni-

85 2893 213 2973 tionem,
234 2895 341 2960 dicunt
355 2893 540 2978 semetipsos
554 2891 669 2983 ²[non]
686 2895 717 2957 in
733 2893 876 2977 passione
891 2895 1150 2960 consternationis
1164 2917 1242 2975 esse,

84 2997 141 3060 sed
152 2997 252 3083 magis
267 2996 298 3059 in
312 2996 469 3083 agnitione
480 3004 513 3060 et
523 2995 766 3080 apprehensione
780 2995 930 3059 veritatis.
964 2996 1091 3061 Etenim
1103 2996 1243 3062 Salvato-

84 3119 162 3176 rem,
176 3099 318 3176 Quaerite,
330 3107 358 3162 et
372 3099 542 3174 invenictis,
558 3095 716 3180 discipulis
730 3103 857 3180 propter
871 3095 931 3160 hoc
946 3096 1062 3178 dixisse
1076 3097 1194 3175 dicunt,
1206 3105 1244 3162 ut

83 3223 166 3278 eum,
183 3201 235 3285 qui
251 3202 292 3265 ab
307 3201 382 3285 ipsis
402 3222 457 3284 per
470 3199 732 3286 excogitationem
746 3199 839 3263 fictus
852 3206 901 3263 est
915 3220 1009 3282 super
1023 3199 1242 3265 fabricatorem

83 3304 233 3381 omnium,
250 3303 484 3368 inenarrabilem
500 3303 640 3388 Bythum
658 3309 818 3385 quaerant:
842 3309 875 3366 et
888 3301 1074 3387 semetipsos
1088 3303 1243 3386 perfectos

83 3428 153 3472 esse
168 3406 285 3485 volunt,
297 3407 443 3491 qnoniam
457 3405 647 3490 inquirentes
661 3404 844 3468 invenerunt
858 3405 1037 3489 perfectum,
1053 3426 1125 3469 curn
1138 3406 1242 3472 adhuc

83 3511 147 3574 sint
170 3510 320 3575 interra:
344 3530 416 3573 eum
437 3517 543 3573 autem
563 3507 615 3593 qui
638 3507 719 3572 intra
740 3505 885 3572 Pleroma
906 3507 947 3572 sit
969 3509 1121 3586 AEonem,
1139 3515 1242 3574 totum

83 3611 264 3696 spiritalem,
288 3618 480 3696 quaerentem
503 3609 718 3693 Propatorem,
745 3616 778 3672 et
801 3608 883 3674 intra
906 3608 1152 3697 magnitudinem
1174 3610 1242 3695 ejus

132 3801 334 3850 wimundum.
369 3801 491 3850 Gsamus
510 3807 530 3848 ct
547 3799 634 3848 Mass.
686 3798 795 3859 erigebat.
825 3796 864 3846 of.
877 3796 943 3844 Μαι.
960 3803 981 3845 ct
995 3795 1100 3845 Pttlm.
1113 3796 1239 3859 Retipuioe.

82 3881 181 3945 aliquid
199 3882 233 3929 cul
250 3881 315 3931 bunc
331 3882 408 3930 lomim
423 3882 543 3930 manure
557 3879 634 3928 aubia·
688 3878 774 3926 Edidit
785 3878 817 3925 A.
831 3874 956 3936 Meinelre,
971 3893 995 3940 p.
1013 3874 1066 3926 116.
1103 3875 1227 3928 Srrnsnn.
1305 3898 1313 3909 ·

82 3978 127 4025 pue
135 3962 239 4025 prodere
249 3961 439 4024 supersederunt,
454 3960 489 4009 od
500 3975 572 4023 quom
583 3958 634 4007 alfs-
737 3958 749 3990 ¹
764 3959 816 4007 Tha
828 3958 882 4018 Cu,
892 3959 953 4019 Au,
961 3956 1041 4008 Voss.
1054 3960 1103 4008 and
1111 3959 1199 4010 Muto.
1209 3973 1238 4011 11.

81 4043 177 4093 uoudn'
189 4043 307 4105 subulam
318 4042 554 4093 lmaeusaltueru.
575 4042 635 4092 Con·
687 4041 763 4090 MSS.
787 4040 865 4088 insert
886 4056 942 4100 non,
966 4055 994 4089 as
1016 4041 1068 4089 also
1090 4042 1133 4089 tho
1154 4042 1241 4091 earlier

80 4133 134 4185 aeut,
171 4125 338 4174 Menandrum
365 4125 486 4187 scripsisse
517 4125 635 4186 sabulone
686 4124 808 4182 editions;
824 4123 845 4171 it
862 4123 946 4170 marks
964 4139 980 4170 a
997 4128 1042 4170 not
1059 4123 1167 4170 unusual
1184 4138 1241 4171 con·

82 4208 232 4265 Μισούμενος
253 4206 404 4268 irueriptom,
425 4207 492 4269 uum
509 4224 634 4269 arguuun-
686 4207 808 4255 struction
825 4206 851 4254 in
869 4206 912 4253 the
924 4205 1023 4262 Greek;
1040 4206 1156 4265 οὐδὲγὰρ
1172 4207 1240 4254 αὐτοὶ

82 4296 132 4336 tum
140 4288 183 4337 loc
188 4289 268 4350 fuisse
278 4289 386 4338 uvidum:
400 4287 560 4337 Thrasonidcs
568 4287 634 4338 miles
730 4295 805 4349 φασιν
816 4287 900 4337 αὐτοὺς
906 4287 971 4345 ablu
983 4286 1055 4334 πάθει
1064 4285 1164 4346 ἀπορίας
1171 4286 1237 4347 εἶναι,

82 4371 248 4420 ardentissime
258 4371 356 4420 amabat
362 4371 479 4433 puellum,
494 4369 561 4431 cuijus
571 4385 634 4418 ocer-
685 4371 911 4428 adulteritum..
948 4370 981 4427 μὴ
1004 4367 1062 4431 only
1085 4367 1186 4430 serving
1211 4373 1239 4416 to

83 4452 174 4501 dmum
190 4455 276 4502 cuturn
297 4453 326 4501 iu
343 4469 366 4501 ac
384 4469 410 4501 eo
426 4452 550 4511 excitabat,
570 4450 634 4514 paud
686 4452 757 4499 mark
773 4467 788 4498 a
806 4451 942 4498 connexion
961 4450 1023 4498 with
1044 4449 1087 4497 tho
1106 4448 1239 4514 preceding

82 4534 166 4598 inepto
176 4552 207 4586 cc
217 4535 308 4585 stolida
318 4535 441 4597 jactantia
452 4533 573 4597 socirroro
588 4548 635 4583 saco
686 4532 804 4596 negative
812 4532 975 4596 proposition.
