2954 4986
254 331 321 394 350
560 345 630 396 uas
656 344 844 397 cosumus
871 344 1098 397 muounuus

93 515 146 556 UB-
154 517 186 600 ¹1¹·
194 516 231 555 111·
252 521 311 565 nos
331 507 437 565 autem
455 500 625 566 secundum
647 499 730 584 quod
750 498 885 563 minores
905 520 1013 563 sumus
1035 507 1068 567 et
1089 498 1253 564 novissimi
1272 498 1404 564 aVerbo

87 594 239 693 ‘'sslgffffl·
255 603 314 666 Dei
336 611 369 667 et
393 603 511 688 Spiritu
532 605 610 689 ejus,
634 601 804 667 secundum
825 600 885 666 hoc
903 609 936 666 et
950 601 1082 666 scientia
1105 601 1325 687 mysteriorum
1343 604 1405 687 ejus

110 703 210 740 ”llll
252 706 439 793 indigemus.
847 772 850 778 ,

317 813 348 873 2.
394 809 439 874 Et
454 832 516 873 uon
531 819 581 874 est
596 808 719 886 mirum,
734 807 762 872 si
777 807 809 870 in
823 806 1023 892 spiritalibus,
1039 816 1072 872 et
1091 807 1287 885 coelestibus,
1309 816 1341 871 et
1362 808 1405 870 ¹iu

251 911 302 975 his
319 934 389 996 quac
413 913 531 976 habeut
553 911 692 988 revelari,
716 911 776 975 hoc
791 892 927 995 patimur
948 932 1019 974 uos:
1044 910 1299 995 quandoquidem
1318 911 1406 974 etiarn

250 1035 358 1078 eorum
380 1036 450 1098 quae
472 1023 547 1078 ante
569 1015 665 1099 pedes
684 1022 760 1078 sunt
777 1013 862 1097 (dico
884 1020 990 1077 autem
1006 1035 1076 1097 quae
1091 1021 1168 1077 sunt
1192 1015 1225 1077 in
1248 1015 1308 1079 hac
1327 1035 1405 1079 crea·

250 1125 331 1195 tura,
347 1139 417 1202 quae
432 1124 465 1181 et
479 1124 714 1181 contrectantur
727 1138 748 1181 a
762 1117 862 1194 nobis,
878 1124 911 1180 et
925 1117 1077 1194 videntur,
1092 1127 1127 1181 et
1140 1126 1218 1182 sunt
1233 1118 1404 1198 nobiscum)

250 1221 350 1284 multa
364 1221 510 1307 sugerunt
524 1229 663 1285 nostram
679 1219 852 1297 scientiam,
875 1229 907 1284 et
923 1220 992 1285 Deo
1007 1220 1075 1285 haec
1090 1221 1159 1307 ipsa
1174 1221 1403 1286 committimus,

251 1323 384 1408 Oportet
406 1323 489 1387 enim
509 1345 581 1387 eum
597 1346 661 1409 prae
682 1323 827 1398 omnibus
841 1323 1025 1408 prmcellere.
1071 1323 1153 1404 Quid
1169 1325 1256 1388 enirn
1271 1326 1299 1390 si
1313 1333 1405 1389 teute-

250 1447 320 1489 nrus
334 1448 488 1511 exponere
503 1448 628 1491 causam
641 1425 833 1492 ascensionis
846 1426 908 1489 Nili
920 1427 931 1490 l
969 1426 1072 1490 Multa
1083 1427 1211 1512 quidem
1226 1426 1367 1504 dicimus,
1378 1435 1406 1490 et

250 1528 393 1593 fortassis
404 1530 554 1608 suasoria,
570 1529 712 1594 fortassis
724 1538 831 1594 autem
846 1551 909 1593 non
919 1529 1071 1594 suasoria:
1089 1529 1173 1614 quod
1182 1539 1293 1594 autem
1307 1551 1404 1594 verum

250 1639 309 1709 est,
319 1640 351 1696 et
362 1641 493 1711 certum,
505 1642 537 1697 ct
548 1633 682 1712 firmum,
692 1632 815 1716 adjacet
824 1632 904 1697 Deo.
933 1631 996 1696 Sed
1007 1640 1039 1696 et
1050 1631 1403 1696 volatiliumanimalium

249 1733 412 1814 habitatio,
437 1758 544 1800 eorum
567 1759 637 1822 quae
659 1736 741 1801 veris
762 1744 903 1823 tempore
925 1735 1092 1800 adveniunt
1113 1735 1154 1800 ad
1178 1757 1248 1812 nos,
1270 1737 1402 1800 autumni

251 1847 358 1903 autem
377 1848 516 1924 tempore
538 1840 646 1904 statim
670 1839 830 1916 recedunt,
854 1860 926 1903 oum
949 1839 981 1901 in
1004 1839 1063 1902 hoc
1086 1837 1205 1902 mundo
1226 1839 1289 1903 hoc
1310 1839 1403 1924 ipsum

249 1941 316 2019 fiat,
339 1942 420 2029 sugit
444 1952 585 2008 nostram
607 1943 781 2008 scientiam.
829 1942 912 2024 Quid
934 1949 1040 2006 autem
1062 1962 1231 2026 possumus
1255 1963 1459 2027 exponeretis

250 2043 288 2108 de
312 2045 429 2110 Oceani
451 2067 578 2110 accessu
600 2053 633 2110 et
654 2067 787 2123 recessu,
803 2067 875 2110 cum
895 2052 1018 2110 constet
1032 2066 1101 2109 esse
1124 2053 1245 2110 certam
1268 2047 1403 2111 causant

249 2147 387 2228 ²Quidve
401 2148 440 2213 de
455 2148 505 2212 his
517 2172 588 2233 quae
603 2149 687 2213 ultra
705 2171 778 2213 eum
799 2155 874 2213 sunt
894 2148 1066 2224 enuntiare,
1091 2148 1197 2232 qualia
1215 2148 1304 2213 sint!
1347 2147 1402 2211 Vel

250 2250 326 2332 quid
348 2251 451 2315 dicere
471 2274 648 2337 possumus,
672 2252 830 2338 quomodo
843 2250 955 2336 pluviae
971 2259 1004 2316 et
1018 2252 1266 2328 coruscationes,
1281 2261 1315 2317 et
1329 2252 1401 2316 toni-

249 2360 330 2430 trua,
348 2363 381 2418 et
394 2353 593 2419 collectiones
607 2355 746 2432 nubium,
766 2361 800 2418 et
813 2353 945 2430 nebulae,
968 2362 1001 2417 et
1016 2363 1180 2419 ventorum
1195 2355 1401 2431 ³emissiones,

250 2463 282 2520 et
297 2456 411 2521 similia
425 2458 485 2536 his,
500 2458 691 2532 efficiuntur;
715 2457 900 2521 annuntiare
915 2478 1036 2542 quoque
1050 2464 1083 2520 et
1096 2456 1263 2522 thesauros
1282 2457 1401 2532 nivium,

249 2559 298 2624 ⁴et
317 2559 487 2645 grandinis,
510 2569 543 2626 et
564 2582 671 2625 eorum
694 2582 765 2645 quae
786 2559 837 2624 his
850 2560 993 2645 proxima
1007 2567 1093 2625 sunt:
1118 2582 1189 2644 quae
1212 2559 1282 2626 haec
1303 2569 1402 2626 autem

249 2745 270 2793 it
281 2746 302 2793 is
310 2745 444 2805 udvanccd,
454 2762 521 2794 more
533 2747 595 2795 thau
606 2763 656 2810 any
662 2747 735 2811 thing
746 2747 802 2807 else,
856 2743 1030 2808 scandescitur
1041 2753 1156 2794 meritorut
1168 2746 1278 2796 Clemens
1286 2749 1402 2797 Romanus

249 2826 305 2873 that
323 2827 455 2889 persuades
472 2828 515 2876 the
534 2827 667 2891 judgment
689 2830 746 2878 that
762 2829 804 2878 the
853 2825 881 2874 t‘n
904 2825 980 2888 Epist.
999 2827 1034 2875 ad
1054 2827 1161 2876 corum
1182 2827 1195 2884 5
1216 2844 1254 2877 20.
1292 2830 1324 2878 In
1342 2846 1401 2893 puero

249 2907 362 2956 catione
374 2908 448 2958 raith
463 2910 490 2970 s,
505 2910 554 2958 and
572 2911 663 2974 always
681 2911 725 2960 har
742 2913 803 2961 been
854 2902 1016 2965 resumptura
1027 2903 1262 2965 coaeterum,
1274 2907 1336 2956 incr
1346 2907 1403 2955 alo

248 2989 306 3049 this,
328 2989 421 3038 “Tm
441 3006 479 3039 we
501 2992 607 3056 worship
630 3008 677 3041 one
699 2993 756 3041 God
778 2994 803 3041 in
855 2985 973 3036 [nucum
984 2989 1217 3051 horrescamne.
1237 2991 1339 3040 Gaias.
1374 2991 1401 3039 ln

248 3070 356 3135 minim,
375 3072 425 3120 and
442 3072 541 3137 Trinity
558 3074 583 3121 in
597 3073 703 3138 Unity.”
736 3074 802 3122 Fru-
853 3069 895 3117 the
906 3085 974 3117 same
988 3086 1045 3134 way
1056 3071 1198 3119 Auousrm
1216 3078 1296 3122 treats
1314 3074 1334 3122 it
1349 3089 1403 3121 ssa

249 3167 362 3202 Annrxr,
381 3155 451 3219 aptly
465 3156 583 3215 remarks,
604 3155 709 3214 Quando
723 3156 803 3218 spiri·
853 3157 944 3199 matter
955 3152 983 3199 os
996 3152 1171 3216 impossibility
1182 3154 1240 3201 that
1251 3171 1308 3202 men
1320 3155 1402 3203 should

249 3242 297 3283 lum
308 3237 503 3285 eondumer'mul
513 3254 567 3285 cum
579 3237 644 3286 Filio
656 3238 711 3295 Dei,
724 3255 803 3286 sacru»
852 3230 952 3279 beable
969 3239 1069 3296 t⁰1³³⁸⁵
1088 3249 1170 3281 ³0r0⁸⁸
1185 3235 1229 3282 the
1250 3251 1327 3284 002²ssss
1345 3237 1402 3283 fi'Offl

248 3314 804 3378 ruoiSeriptsru-rumuuetoremusseritplcoe
851 3313 895 3361 the
917 3313 1050 3376 antipodes.
1102 3315 1187 3364 Nimis
1209 3317 1344 3366 absurdum
1363 3325 1398 3375 eet,

247 3409 301 3440 curu
312 3409 357 3442 esee
368 3402 459 3442 tratura
471 3396 550 3443 Deam
567 3396 710 3445 maniaci-um
722 3404 743 3445 et
755 3412 802 3444 om·
851 3403 878 3442 st
900 3397 1004 3456 dicotur,
1028 3397 1122 3460 aliquos
1143 3398 1251 3448 homines
1268 3417 1296 3449 ee
1313 3401 1357 3450 loe
1378 3401 1401 3447 ir

247 3473 389 3535 tripotentem
399 3476 513 3536 operuerit.
851 3477 921 3525 illum
941 3486 1042 3539 perteue,
1070 3478 1159 3527 Oceani
1183 3481 1341 3531 imruener‘toee
1357 3490 1401 3529 tm·

297 3554 423 3618 ¹Duplea
445 3563 477 3604 eat
501 3557 649 3608 Groecirnuu.
693 3561 758 3609 Num
781 3569 801 3610 et
844 3558 914 3619 jecta,
929 3560 1045 3622 rravipcrs
1056 3576 1085 3608 ao
1093 3562 1222 3623 pervenire
1229 3566 1344 3627 potuisse.
1368 3565 1402 3613 De

247 3638 339 3687 habeut
349 3639 458 3698 revelari,
466 3656 513 3701 pro
524 3641 673 3690 revelatione
685 3659 747 3706 opus
758 3644 800 3691 ha·
852 3642 904 3693 oie.
919 3642 953 3691 D.
968 3656 1023 3692 xvr.
1037 3658 1060 3708 9.

247 3720 313 3780 bent,
327 3721 407 3770 mmo
417 3721 468 3769 ritu
479 3721 570 3770 dictruu
581 3730 625 3772 est:
637 3732 657 3772 et
668 3725 741 3784 illud,
755 3725 802 3772 hoc
899 3724 910 3755 ⁸
926 3725 1062 3775 emissiones
1072 3743 1150 3776 seems
1162 3744 1178 3776 s
1189 3729 1327 3792 preferable
1338 3730 1401 3778 read·

246 3803 357 3865 patimur
367 3819 420 3864 nos,
436 3820 494 3867 pro,
511 3806 558 3854 hoc
575 3807 646 3854 nobis
664 3823 711 3854 usu
723 3807 798 3855 venit.
850 3808 894 3870 ing
905 3813 933 3856 to
949 3807 1147 3858 immissione-ros
1160 3812 1203 3859 the
1215 3813 1322 3861 Aucus.
1337 3813 1399 3871 MS,

246 3880 320 3932 B1o1..
849 3890 896 3939 but
907 3891 986 3939 either
997 3892 1080 3940 would
1090 3892 1180 3940 accord
1196 3895 1257 3942 with
1269 3896 1314 3943 the
1325 3895 1403 3944 Greek

294 3963 415 4023 ’Quidue
426 3965 456 4014 de
473 3966 519 4027 hie,
532 3985 584 4031 prere
595 3969 660 4018 altra
672 3986 725 4019 eum
735 3978 798 4032 eunt,
849 3976 921 4032 term,
946 3975 1069 4035 ἐῐιρῤοἰαι,
1099 3975 1181 4023 which
1208 3993 1259 4025 was
1288 3977 1402 4041 probably

244 4047 390 4096 mumiorel
413 4048 453 4096 stc
460 4048 578 4098 Hilurica
590 4051 697 4112 influens
705 4052 797 4100 Psalm.
849 4054 949 4102 written
962 4055 996 4118 hy
1007 4054 1142 4103 Ianusue.

245 4125 285 4187 68,
299 4129 341 4188 cit,
357 4129 420 4192 quod
435 4146 501 4178 mors
515 4131 800 4194 profundcinjiu-itoque
898 4135 994 4184 ⁴Herc
1018 4137 1061 4184 the
1084 4138 1184 4187 Cursu.
1208 4138 1266 4188 MS.
1287 4141 1364 4200 reads,
1384 4147 1402 4188 et

244 4209 284 4256 eui
295 4211 358 4259 obice
369 4218 467 4260 merum
477 4212 591 4261 humanae
601 4213 726 4276 opinionis
737 4230 798 4263 me·
846 4217 981 4279 prandiola
998 4225 1019 4267 et
1041 4234 1123 4267 eorum
1145 4235 1198 4282 qaoe
1220 4220 1261 4268 hie
1280 4222 1401 4284 prosimu,

244 4290 295 4351 dut,
310 4299 336 4339 ut
352 4309 425 4356 seque
443 4294 504 4357 quid
521 4302 587 4344 estro
603 4311 633 4355 se,
648 4312 721 4358 neque
738 4296 800 4358 quid
847 4306 985 4361 puerum
996 4299 1045 4349 herc
1056 4300 1158 4361 nivium,
1169 4302 1217 4351 but
1229 4304 1273 4353 the
1285 4305 1403 4354 thesauros

244 4371 355 4433 intrarit,
366 4390 435 4423 sous
442 4383 595 4437 persequente
603 4377 736 4439 cupiamus.
756 4377 799 4425 In·
847 4379 941 4429 uirium
948 4381 996 4430 had
1008 4382 1108 4446 already
1115 4383 1177 4431 been
1189 4387 1341 4448 mentioned,
1356 4387 1402 4436 aud

242 4452 330 4501 ullas
347 4471 401 4503 cero
419 4456 526 4506 Irenaeus
540 4473 588 4519 per
602 4475 638 4518 ea,
662 4474 715 4521 quc
730 4459 799 4506 altro
846 4461 889 4510 the
901 4465 1007 4513 Ausul).
1021 4464 1125 4530 reading
1139 4466 1165 4514 in
1182 4467 1226 4515 the
1242 4474 1298 4517 text
1313 4470 1335 4518 is
1351 4486 1401 4534 pre·

88 4546 207 4680 N
245 4532 366 4584 &conum
387 4544 443 4587 mant
459 4555 497 4588 eos
514 4539 557 4602 qui
573 4548 627 4602 pose
643 4540 725 4602 ipsam
741 4549 798 4590 runt
845 4541 946 4594 fsreblo.
