2954 4986
607 345 713 398 NOUS.
1194 336 1234 398 13

81 505 274 604 Μυστῆρια,
289 504 326 591 ἵἃ
360 511 637 605 καρποφοροῦσιν
667 507 772 590 edroi,
802 507 855 576 καί
887 508 917 576 si'
947 538 1011 577 που
1040 539 1073 579 τι
1106 514 1173 580 τῶν
1203 511 1389 602 &3313333

81 621 198 700 πλήθει
222 619 398 716 εἰρημένων
421 619 453 687 έν
473 628 545 694 ταῖς
571 625 722 718 γραφαῖς
747 616 888 702 θυνηθείη
911 621 1162 719 προσαρμόσαι,
1182 622 1234 692 καί
1248 609 1397 697 Q

81 728 206 800 εἰκάσαι
228 732 278 819 τῶ
299 726 478 812 πλάσματι
498 731 611 801 αὐτῶν.

162 864 193 910 2.
248 841 323 913 Τὸν
347 839 407 924 μέν
436 840 490 912 οὖν
519 839 736 941 Προπάτορα
766 842 871 913 αιἰτῶν
896 845 1117 933 γινώσκεσθαι
1146 848 1235 936 μόνῳ

80 956 221 1045 λέγουσι
242 962 293 1043 τῷ
311 952 349 1047 έξ
369 955 471 1024 αὐτοῦ
488 955 648 1045 γεγονότι
674 953 870 1045 Μονογενεῖ,
894 956 1055 1027 τουτέστι
1085 966 1134 1048 τῷ
1160 959 1234 1048 Νῷ·

79 1078 152 1142 τοῖς
182 1065 217 1136 δὲ
242 1075 375 1142 λοιποῖς
405 1068 508 1135 πᾶσιν
536 1066 683 1164 ἀόρατον
712 1065 765 1135 καὶ
793 1065 1035 1149 ἀκατάληπτον
1059 1068 1233 1168 ὑπάρχειν·

79 1181 180 1261 μόνος
199 1177 234 1248 δέ
253 1181 272 1248 ὁ
292 1178 383 1254 Νοῦς
404 1177 478 1250 κατ’
501 1177 617 1254 αὐτοὺς
640 1179 804 1275 έτέρπετο
834 1182 960 1277 θεωρῶν
988 1179 1050 1251 τὸν
1080 1182 1234 1282 Πατέρα,

80 1289 196 1362 καὶτὸ
216 1292 357 1381 μέγεθος
377 1289 420 1361 τό
438 1291 627 1389 ἀμέτρητον
651 1291 752 1361 αἰτοῦ
771 1295 940 1361 κατανοῶν
965 1290 1154 1383 ἠγάλλετο·
1180 1295 1233 1365 καὶ

81 1402 240 1473 διενοεῖτο
257 1403 311 1472 καὶ
329 1412 401 1478 τοῖς
427 1411 560 1478 λοιποῖς
587 1405 700 1472 αἰῶσιν
729 1402 1011 1475 ἆνακοιυιόσασθαι
1032 1404 1075 1476 τό
1092 1407 1235 1498 μέγεθος

80 1522 145 1586 ’τοῦ
163 1513 314 1614 Πατρός,
332 1515 442 1597 ἡλίκος
459 1515 569 1586 τεκαὶ
588 1515 667 1590 ὅσος
692 1517 826 1612 ὑπῆρχε,
848 1515 901 1585 καί
921 1520 960 1592 ὡς
979 1516 1015 1600 ἢν
1032 1516 1176 1617 ἅναρχός
1196 1552 1235 1591 τε

80 1629 135 1697 καὶ
155 1628 339 1724 ἆχάρητος,
363 1627 416 1697 καὶ
446 1628 482 1697 οὗ
500 1625 719 1709 καταληπτάς
737 1625 828 1696 ἰδεῖν·
860 1629 1028 1724 Ικατέσχε
1045 1627 1079 1698 di
1099 1629 1234 1714 αὐτόνῆ

82 1740 173 1831 Σιγὴ
191 1742 351 1826 βουλήσει
370 1745 433 1811 τοῦ
451 1737 602 1838 Πατρός,
627 1736 680 1808 did
706 1736 748 1810 τά
772 1739 879 1809 θέλειν
902 1737 1031 1817 πάντας
1055 1742 1170 1818 adroic
1193 1747 1235 1819 εἰς

80 1855 209 1922 ἔννοιαν
239 1853 293 1921 καὶ
323 1853 430 1923 πόθον
459 1850 622 1951 ζητήσεως
650 1856 713 1922 τοῦ
741 1852 976 1949 προειρημένου
1004 1851 1235 1952 Προπάτορος

82 1966 189 2035 αὐτῶν
208 1964 361 2055 άγαγεῑν.
399 1964 469 2033 Καὶ
495 1967 528 2034 οἱ
543 1961 602 2046 μέν
628 1963 744 2033 λοιποὶ
769 1964 887 2045 ὁμοίως
905 1964 1028 2041 Αἰῶνες
1045 1968 1152 2061 ἡσυχῇ
1169 1997 1236 2043 πως

81 2078 268 2147 ε’πεπόθουν
286 2074 347 2146 τόν
367 2077 545 2173 προβολέα
568 2080 632 2146 τοῦ
656 2075 852 2171 σπέρματος
872 2077 976 2147 αὐτῶν
998 2075 1084 2162 ι’άεῖν,
1103 2079 1156 2148 καὶ
1175 2079 1235 2160 τὴν

81 2187 230 2287 ἄναρχον
250 2186 366 2288 2ῥίζαν
391 2192 586 2286 ἱστορῆσαι·
614 2188 793 2286 προῆλατο
821 2185 856 2256 di
882 2187 970 2257 πολὺ
998 2191 1016 2258 ὁ
1044 2198 1235 2267 τελευταῖος

80 2393 180 2457 sicubi
197 2391 273 2478 quid
290 2415 410 2468 eorum,
428 2395 517 2479 ³quoe
544 2393 693 2458 dicuutur
718 2392 750 2456 in
774 2391 948 2478 scripturis,
967 2402 1120 2478 poterunt
1137 2396 1233 2481 adap-

81 2501 153 2556 tare
170 2499 204 2557 et
222 2492 394 2556 assimilare
411 2493 563 2580 figmento
581 2515 647 2556 suo.

159 2593 189 2655 2.
243 2591 289 2656 Et
306 2607 510 2676 propatorem
535 2591 661 2676 quidem
679 2614 788 2655 eorum
812 2593 957 2678 cognosci
981 2593 1039 2657 soli
1060 2593 1169 2658 dicunt
1194 2595 1233 2670 ei,

82 2692 135 2777 qui
153 2713 194 2755 ex
211 2713 249 2755 eo
267 2698 362 2755 uatus
379 2698 437 2764 est,
454 2690 637 2776 Monogeni‚
649 2691 709 2754 hoc
727 2698 784 2763 est,
803 2691 890 2757 ⁴No:
909 2692 1037 2778 reliquis
1048 2716 1122 2757 vero
1135 2695 1234 2758 emni-

82 2793 141 2856 bus
157 2790 344 2854 invisibilem
369 2797 403 2855 et
422 2790 767 2876 incomprehensibilem
785 2813 862 2855 esse.
915 2790 1006 2856 Solus
1024 2800 1131 2857 autem
1150 2792 1232 2872 Nus,

83 2890 255 2955 secundum
283 2912 337 2953 eos
363 2890 584 2955 delectabatur
609 2889 719 2953 videns
748 2890 889 2967 Patrem,
919 2898 953 2954 et
981 2892 1233 2978 magnitudinem

83 2990 269 3053 immensam
294 2989 362 3073 ejus
388 2990 589 3054 considerans
616 2989 792 3064 exultabat,
819 2998 852 3053 et
878 2990 1080 3076 excogitabat
1108 2992 1234 3076 reliquie

83 3111 209 3174 quoque
228 3089 386 3153 AEouibus
412 3088 602 3174 participare
620 3088 871 3174 magnitudinem
891 3088 1013 3164 Patris;
1043 3100 1179 3175 quantus
1200 3100 1233 3155 et

83 3210 179 3273 quam
202 3209 336 3274 magnus
361 3188 522 3263 existeret,
540 3195 573 3252 et
596 3187 861 3272 quemadmodum
887 3196 957 3252 erat
982 3189 1050 3252 sine
1075 3189 1175 3264 initio,
1200 3197 1234 3254 et

83 3287 275 3372 incapabilis,
289 3296 324 3352 et
339 3286 659 3372 incomprehensibilis
675 3287 714 3349 ad
734 3284 911 3350 videndum.
942 3287 1108 3353 Continuit
1126 3298 1234 3354 autem

83 3409 155 3450 eum
180 3386 255 3472 Siga
282 3387 446 3450 voluntate
471 3386 586 3464 Patris,
606 3385 752 3470 quoniam
771 3386 864 3450 vellet
886 3409 994 3451 omnes
1016 3388 1074 3451 hos
1095 3388 1126 3452 in
1143 3389 1234 3452 intel-

82 3485 201 3550 lectum
235 3493 269 3550 et
302 3485 491 3550 desiderium
521 3484 738 3570 exquisitionis
761 3485 869 3549 Patris
895 3486 943 3550 sui
968 3488 1134 3552 adducere.
1187 3489 1234 3553 Et

83 3585 195 3669 reliqui
213 3585 339 3669 quidem
360 3585 481 3649 AEones
501 3606 610 3648 omues
631 3584 729 3648 tacite
755 3585 987 3668 quodammodo
1011 3586 1235 3652 desiderabant

83 3678 277 3768 prolato'rem
294 3684 421 3747 seminis
432 3684 479 3747 sui
493 3683 608 3758 videre,
621 3691 654 3748 et
666 3705 745 3757 eam,
759 3705 829 3768 quae
841 3684 907 3748 sine
920 3684 1010 3748 initio
1023 3694 1083 3765 est,
1096 3687 1234 3751 radicem

82 3783 300 3868 contemplari.
349 3782 498 3847 Praesiliit
516 3790 624 3847 autern
641 3782 731 3847 valde
754 3783 884 3847 ultimus
904 3791 938 3848 et
960 3783 1069 3869 junior
1092 3787 1133 3851 de
1158 3787 1235 3851 duo

131 3967 631 4033 ¹Cu1u.Ausx.iutbeDidaac.Or.§a9,
684 3968 810 4032 depended
829 3985 879 4018 was
900 3969 962 4019 'tte’
984 3970 1183 4033 fundamentum,
1208 3988 1236 4021 or

82 4065 139 4113 says
156 4049 185 4097 of
199 4049 265 4112 Sige,
286 4051 358 4110 Σιγὴ,
378 4051 460 4111 φασὶν,
477 4051 558 4111 μήτηρ
575 4051 635 4098 οὖσα
685 4048 741 4111 'hp'
758 4050 840 4099 radix.

84 4132 180 4178 πάντων
200 4133 248 4178 τῶν
263 4131 447 4192 ὑποβληθέντινν
465 4131 511 4179 ιἰτὸ
528 4133 571 4178 τοῦ
589 4131 633 4193 βό·
735 4130 746 4163 ⁸
775 4132 833 4190 Quae
849 4133 966 4182 dicuntur
981 4133 1008 4181 in
1022 4133 1162 4198 amtpturt'a]
1184 4134 1236 4182 Hic

84 4213 136 4260 θους
148 4211 261 4274 (dedens),
276 4211 394 4269 ὀμὲνούκ
405 4213 476 4272 ἔσχεν
492 4213 566 4260 εἰπεῖν
580 4211 635 4273 περὶ
685 4213 819 4262 inserendae
841 4214 896 4262 dure
918 4231 1005 4264 vocas:
1023 4214 1052 4262 t'n
1073 4215 1234 4273 maltdudinc,

82 4293 126 4338 τοῦ
143 4293 246 4353 ἁρρητου
262 4292 397 4350 σεσίγηκεν
419 4292 473 4339 del
490 4292 632 4354 κατέλαβεν,
685 4293 767 4356 (juxta
786 4294 873 4342 Graeca
892 4297 916 4343 ἐν
938 4296 1034 4358 πλήθει)
1055 4311 1099 4358 per
1116 4295 1235 4342 incuriam

82 4375 155 4422 τοῦτο
167 4374 342 4431 ἀκατάληπτα
353 4373 551 4435 προσηγόρευσεν.
684 4374 770 4421 scribae
792 4373 855 4422 forte
878 4375 910 4422 ob
928 4379 1096 4423 recurrentem
1118 4375 1235 4436 preposi-

132 4453 193 4502 ’Iu
211 4454 254 4501 the
273 4453 423 4502 Cabbalistic
439 4455 537 4503 scheme
552 4453 580 4502 of
595 4455 634 4502 Se·
685 4455 778 4503 tionem
790 4455 817 4502 in
828 4455 931 4503 omissas.
961 4455 1063 4503 Gracc.

80 4534 182 4596 phirctlt
196 4534 253 4582 that
267 4550 334 4598 upon
345 4535 425 4583 which
436 4535 533 4584 created
548 4540 636 4583 nature
719 4536 729 4566 ⁴
747 4536 786 4583 Ita
807 4537 865 4584 Cod.
878 4536 985 4594 Arand,
1002 4552 1058 4598 says
1074 4537 1176 4596 (ἔκλαιε,
1192 4537 1237 4586 but
