2954 4986
510 342 587 394 uno
614 342 885 395 nasnnvnuna.
1206 330 1272 394 355

119 489 203 572 quod
229 490 374 574 loquitur,
397 489 457 554 hoc
485 498 518 555 et
543 491 671 578 cogn'tat.
718 490 876 578 Cogitatio
898 491 981 556 enim
1007 494 1075 579 ejus
1100 492 1214 580 Logos,
1240 501 1273 557 et
1293 513 1431 554 manna

119 590 228 677 Logos
244 592 349 670 Mens,
364 599 397 656 et
411 592 516 657 omnia
529 592 716 658 concludens
732 593 838 671 Mens,
854 591 921 679 ipse
939 603 988 658 est
1004 596 1111 661 Pater.
1285 561 1438 691 ⁰ss·,¹{·,f¹ff¹¹·

184 697 216 758 3.
261 693 322 774 Qui
352 715 426 781 ergo
456 694 531 759 dicit
560 703 696 760 mentem
727 695 799 773 Dei,
830 703 863 759 et
887 695 1091 781 prolationem
1117 697 1272 785 propriam
1313 682 1419 737 ΝΜ

117 797 216 860 menti
232 797 338 874 donat,
353 798 557 883 compositum
571 821 641 863 eum
655 800 847 885 pronuntiat,
864 807 1013 885 tanquam
1027 801 1112 865 alind
1126 802 1274 887 quiddam

117 897 160 961 sit
175 898 274 977 Deus,
289 899 373 964 aliud
387 910 492 965 autem
506 901 684 986 principalis
700 902 795 966 Mens
809 903 973 968 exsistens.
1005 903 1154 968 Similiter
1168 913 1273 968 autern

116 1021 225 1064 rursus
240 1010 272 1065 et
287 1002 326 1066 de
342 1002 440 1089 Logo‚
457 1002 582 1067 tertiam
598 1002 818 1087 ¹prolationem
833 1004 862 1067 ei
876 1025 897 1068 a
913 1005 1009 1070 Patre
1027 1005 1168 1070 donans:
1191 1005 1274 1069 unde

118 1112 151 1165 et
175 1103 299 1189 ignorat
323 1106 569 1189 magnitudinem
597 1106 686 1190 ejus;
717 1127 809 1191 porro
835 1114 868 1170 et
893 1106 985 1193 longe
1016 1108 1125 1194 Logon
1154 1128 1174 1171 a
1203 1105 1273 1170 Deo

118 1207 285 1289 separavit.
337 1209 378 1272 Et
400 1209 551 1295 propheta
574 1209 698 1294 quidem
724 1209 770 1274 ait
799 1210 838 1274 de
861 1233 917 1275 eo:
952 1212 1183 1276 Generationem
1210 1210 1274 1294 nsua
1286 1228 1412 1271 Enni-uua

119 1309 189 1392 quis
203 1309 387 1374 enarrabit?
411 1310 480 1375 Vos
493 1319 597 1376 antem
607 1312 839 1398 generationem
853 1314 921 1398 ejus
932 1336 972 1377 ex
983 1313 1078 1378 Patre
1089 1313 1272 1391 divinantes,

118 1419 150 1472 et
165 1410 249 1474 verbi
264 1410 423 1476 hominum
438 1435 494 1498 per
507 1413 644 1500 linguam
659 1414 773 1479 factam
788 1415 991 1500 prolationem
1007 1417 1227 1481 transferentes
1241 1402 1274 1480 in

120 1511 261 1577 Verbum
284 1513 355 1593 Dei,
367 1517 454 1601 juste
476 1517 655 1604 detegimini
670 1540 691 1582 a
704 1518 792 1582 vobis
811 1519 896 1604 ipsis,
912 1520 995 1603 quod
1010 1541 1109 1604 neque
1126 1520 1271 1598 humana,

64 1642 103 1680 na
117 1638 175 1681 nec
202 1618 305 1683 divina
334 1619 490 1685 noveritis.
553 1621 810 1685 Irrationabiliter
839 1631 944 1685 antem
973 1622 1082 1700 inflati,
1113 1622 1273 1688 audaciter

117 1719 333 1787 inenarrabilia
364 1722 424 1787 Dei
454 1724 601 1810 mysteria
626 1725 706 1788 scire
731 1747 786 1789 vos
813 1724 935 1798 dicitis;
965 1725 1213 1811 quandoquidem
1239 1736 1272 1791 et

118 1824 282 1903 Dominus,
298 1827 364 1913 ipse
381 1826 481 1891 Filius
496 1827 568 1903 Dei,
583 1827 684 1912 ipsum
700 1827 809 1912 judicii
831 1828 913 1892 diem
933 1836 965 1893 et
985 1828 1093 1893 horam
1117 1829 1272 1895 concessit

116 1928 195 1993 scire
210 1930 310 1995 solum
327 1931 465 2008 Patrem,
480 1930 643 1995 manifeste
657 1930 784 1995 dicens:
806 1931 872 1996 ²De
886 1931 937 1996 dic
952 1941 1053 1996 autem
1068 1932 1138 2009 illo,
1153 1941 1181 1997 et
1194 1932 1270 1998 loro
1285 1945 1434 1985 Mur-¹⁵¹¹&

116 2053 201 2096 nemo
214 2034 279 2110 scit,
295 2054 388 2118 neque
401 2034 517 2111 Filiae,
536 2035 599 2098 nisi
618 2035 720 2098 Pater
736 2034 825 2100 aolus.
870 2033 904 2100 si
922 2034 1018 2121 igitur
1033 2034 1196 2100 scientiam
1210 2035 1271 2100 diei

117 2134 199 2199 illius
216 2135 315 2200 Filius
330 2158 392 2200 non
407 2136 531 2201 enrbuit
551 2136 664 2200 reterre
681 2135 723 2200 ad
738 2136 877 2214 Patrem,
891 2137 948 2201 sed
968 2137 1048 2201 dixit
1069 2137 1152 2223 quod
1166 2159 1271 2202 verum

116 2249 176 2315 est,
198 2263 299 2328 neque
322 2264 380 2307 nos
402 2244 630 2319 erubescamus,
651 2263 721 2326 qum
746 2250 821 2306 sunt
846 2242 879 2305 in
901 2240 1124 2328 quaestionibus
1152 2243 1272 2327 majora

115 2345 286 2409 secundum
302 2368 368 2424 nos,
384 2368 542 2411 reservare
557 2346 636 2410 Deo.
683 2345 786 2410 Nemo
800 2346 884 2410 enim
898 2367 993 2431 super
1007 2345 1192 2432 magistrum
1209 2354 1270 2412 est.

178 2452 208 2513 4.
255 2448 288 2512 Si
303 2448 373 2534 quis
388 2448 492 2533 itaque
501 2447 591 2513 nobis
605 2448 736 2514 dixerit:
754 2449 917 2530 Quomodo
931 2469 1006 2534 ergo
1017 2447 1118 2512 Filius
1132 2449 1272 2533 prolatus

115 2573 135 2615 a
151 2551 248 2616 Patre
262 2554 331 2617 esti
345 2551 476 2618 dicimus
490 2551 529 2628 ei,
540 2551 612 2636 quia
626 2551 828 2637 prolationem
840 2551 942 2629 istam,
956 2551 1020 2615 sive
1028 2551 1272 2638 generationem,

116 2652 198 2719 ³sive
212 2654 485 2740 nuncupationem,
500 2653 564 2718 sive
579 2653 821 2738 adapertionem,
837 2661 893 2719 aut
908 2653 1048 2738 quolibet
1061 2653 1131 2740 quis
1145 2654 1270 2719 nomine

116 2758 269 2822 vocaverit
278 2758 510 2845 generationem
519 2757 586 2841 ejus
596 2757 831 2823 inenarrabilem
842 2757 1155 2835 exsistentem,nerno
1166 2757 1269 2831 novit;

116 2881 178 2923 non
198 2859 395 2937 Valentinus,
411 2880 473 2922 non
490 2858 645 2937 Marcion,
661 2882 761 2944 neque
778 2859 974 2936 Saturninus,
990 2880 1091 2944 neque
1106 2858 1270 2938 Basilides,

116 2984 216 3046 neque
226 2963 339 3049 angeli,
350 2984 450 3048 neque
464 2962 654 3048 archangeli,
666 2984 766 3048 neque
782 2962 1002 3048 ⁴principatus,
1018 2983 1118 3045 neque
1132 2969 1270 3046 potesta-

114 3076 173 3142 tes,
189 3065 248 3129 nisi
263 3065 348 3129 solus
358 3065 410 3149 qui
426 3065 586 3151 generavit
599 3065 705 3141 Pater,
715 3073 748 3128 et
763 3065 814 3148 qui
831 3073 924 3129 natus
939 3073 988 3128 est
1002 3064 1112 3128 Filius.
1140 3063 1269 3127 Inenar-

114 3168 221 3233 rabilis
240 3168 346 3253 itaque
362 3166 522 3254 generatio
542 3167 610 3252 ejus
631 3189 703 3231 eum
721 3167 773 3243 sit,
789 3166 963 3251 quicunque
982 3166 1124 3229 nituntur
1139 3187 1269 3251 genera·

113 3269 215 3335 tiones
236 3278 269 3335 et
290 3269 477 3355 prolationes
505 3290 659 3343 enarrare,
681 3290 744 3334 non
768 3277 841 3332 sunt
866 3275 1028 3353 compotes
1051 3267 1110 3345 sni,
1137 3288 1268 3351 eaquae

115 3373 330 3438 inenarrabilia
358 3381 432 3437 sunt
461 3394 603 3436 enarrare
629 3372 856 3457 promittentes.
917 3371 1072 3452 Quoniam
1106 3369 1190 3435 enim
1228 3394 1269 3436 ex

114 3477 304 3563 cogitatione
324 3484 357 3540 et
380 3497 474 3540 sensu
492 3476 619 3540 verbum
641 3474 804 3552 emittitur,
826 3475 886 3538 hoc
908 3474 1015 3558 utique
1036 3495 1144 3538 omnes
1164 3475 1268 3538 sciunt

65 3595 91 3639 n.
113 3579 266 3644 homines.
312 3579 384 3643 Non
398 3601 472 3665 ergo
487 3599 636 3665 magnum
651 3578 725 3662 quid
740 3578 932 3654 invenerunt,
948 3577 1001 3662 qui
1015 3578 1198 3642 emissiones
1212 3599 1267 3642 ex·

113 3681 337 3767 cogitaverunt,
352 3702 453 3764 neque
473 3680 690 3744 absconditum
713 3679 904 3764 mysterium,
920 3679 947 3742 si
963 3678 994 3741 id
1015 3678 1099 3762 quod
1112 3678 1155 3742 ab
1169 3679 1268 3742 omni-

112 3783 171 3847 bus
184 3783 375 3870 intelligitur,
387 3783 611 3847 transtulerunt
621 3783 654 3845 in
665 3781 859 3866 unigenitum
870 3780 948 3844 ³Dei
962 3780 1118 3844 Verbum:
1131 3788 1165 3844 et
1175 3802 1268 3864 quem

114 3887 349 3952 inenarrabilem
367 3895 400 3951 et
419 3885 670 3950 innominabilem
690 3892 812 3961 vocant,
834 3884 926 3960 hunc,
943 3884 1030 3967 quasi
1051 3883 1109 3969 ipsi
1124 3883 1269 3949 obstetri-

113 3990 260 4066 caverint,
282 3990 390 4075 primm
415 3989 625 4075 generationis
648 3989 716 4074 ejus
745 3986 948 4073 prolationem
972 3995 1005 4051 et
1034 3986 1268 4073 generationem

163 4144 170 4172 ¹
184 4142 224 4191 ie.
236 4157 250 4188 o
263 4141 352 4196 Parra·
363 4141 469 4204 Bytbus‚
481 4142 560 4199 Nous,
572 4141 663 4204 Logos.
764 4138 775 4169 ³
791 4139 808 4197 ἦ
819 4140 905 4197 κλῆσιν
915 4140 931 4197 ἡ
943 4141 1098 4200 ἀνακάλυψιν.

162 4221 173 4251 ²
190 4222 274 4284 Again
291 4237 329 4269 we
348 4221 406 4269 read
424 4238 440 4269 a
462 4221 582 4269 defective
599 4226 662 4280 text,
764 4220 775 4251 ⁴
791 4220 844 4268 The
852 4220 1016 4269 Gannn.MS.
1026 4220 1140 4267 confirma
1149 4217 1269 4267 Gsasn's

113 4305 196 4366 owing
207 4310 234 4351 to
245 4304 288 4351 the
299 4303 403 4351 writer’s
414 4310 511 4351 custom
524 4304 552 4350 os
560 4304 667 4366 quoting
714 4302 825 4365 reading,
841 4301 1007 4364 principatur,
1020 4300 1102 4348 which
1120 4299 1234 4348 Salam
1245 4299 1268 4347 is

113 4386 177 4433 from
195 4401 319 4449 memory3
335 4386 379 4433 the
397 4385 478 4433 words
498 4400 570 4447 rrcqrre
585 4384 666 4445 carpeti
715 4383 840 4431 mistaten
850 4383 877 4431 in
888 4383 1010 4445 mtening
1020 4386 1048 4430 to
1059 4380 1102 4429 the
1116 4380 1168 4428 sole
1178 4379 1267 4428 autho·

82 4508 91 4525 ,
115 4469 141 4514 in
153 4467 215 4527 coelo,
228 4466 383 4530 represented
396 4467 421 4513 in
430 4482 504 4529 every
513 4466 604 4513 known
612 4470 666 4512 text
714 4464 765 4527 rity
776 4464 804 4512 ol'
818 4464 975 4511 thensium).
989 4462 1047 4511 MS.

114 4548 162 4594 and
175 4548 280 4606 version,
294 4563 335 4594 are
346 4546 459 4594 omitted.
765 4545 776 4573 ⁵
792 4545 845 4592 'l'he
857 4544 956 4593 (launna.
970 4543 1028 4593 MS.
1041 4543 1086 4592 has
1097 4542 1202 4592 Deum?
