2954 4986
250 330 300 404 46
626 349 755 403 rusam
779 349 1039 402 esnsnnrnrx.

98 521 228 609 9999999·ξὲ
252 509 398 607 Μητέρα
430 510 487 580 καί
512 506 687 600 Ὀγὺοόὺα
717 515 867 593 καλοῦσι,
894 508 947 579 καί
978 509 1125 607 Σοφίαν,
1151 507 1205 577 καί
1235 507 1312 590 Γῆν,
1351 506 1405 576 καί

87 615 237 699 Q
252 622 480 719 Ἰερουσαλὴμ,
498 623 551 692 καί
569 617 669 714 ἅγιον
687 621 834 705 Πνεῦμα,
852 621 905 691 καί
926 620 1051 718 Κύριον
1069 621 1252 718 ἀρσενικῶς·
1282 617 1407 715 'Exest‘

251 733 287 805 di
305 733 367 806 τὸν
386 741 445 816 τῆς
461 736 650 817 μεσότητος
669 735 779 806 τόπον
798 734 905 819 αὑτὴν,
923 734 977 802 καὶ
1001 732 1080 802 εἶναι
1099 729 1246 830 ὑπεράνω
1264 730 1325 815 μέν
1344 737 1407 801 τοῦ

250 848 472 943 Δημιουργοὺ,
507 842 662 918 ὑποκάτω
699 844 734 915 ὑὲ
772 843 790 928 ἦ
829 844 891 939 ἔξω
931 851 993 915 τοῦ
1030 844 1268 942 Πληρῶματος
1304 846 1404 940 μέχρι

250 959 467 1034 ’συντελείας

347 1091 403 1139 10.
466 1069 568 1140 Ἐπεὶ
609 1067 663 1141 οὑν
698 1068 757 1151 τὴν
793 1069 902 1151 ὑλικὺν
939 1069 1051 1140 οὑσῖαν
1087 1069 1121 1138 ἐκ
1159 1073 1261 1166 τριῶν
1292 1071 1405 1138 παθῶν

251 1185 412 1264 συστῆναι
432 1183 583 1274 λέγουσι,
604 1184 720 1281 φόβον
737 1214 784 1264 τε,
812 1181 865 1251 καί
884 1183 1014 1265 αλύπης,
1043 1181 1095 1251 καὶ
1124 1181 1276 1280 ἀπορίας·
1296 1181 1331 1250 έκ
1347 1178 1405 1263 μέν

251 1302 315 1368 τοῦ
347 1296 463 1394 φόβον
491 1294 543 1364 καί
577 1303 635 1376 της
664 1295 876 1393 ἐπιστροφῆς
908 1291 953 1365 τὰ
985 1291 1117 1390 ψυχικοί
1149 1295 1209 1376 τὴν
1240 1294 1404 1364 σὺστασιν

252 1408 434 1506 εἶληφέναι·
461 1408 495 1476 έκ
516 1404 576 1490 μέν
594 1410 653 1489 τῆς
672 1407 884 1505 έπιστροφης
906 1405 967 1477 τὺν
989 1404 1203 1504 Δημιουργὺν
1219 1407 1404 1494 βούλονται

252 1520 313 1603 την
337 1520 465 1611 γένεσιν
490 1520 671 1616 ἐσχηκέναι,
697 1520 732 1588 ἐκ
763 1517 797 1588 ὑὲ
826 1523 889 1590 τοὺ
918 1519 1035 1618 φόβον
1058 1518 1118 1600 την
1143 1520 1265 1600 λοιπὴν
1292 1522 1405 1587 πᾶσαν

252 1632 402 1728 ψυχικὴν
428 1633 627 1715 ὑπόστασιν,
654 1635 694 1707 ὡς
713 1628 831 1728 ψυχὰς
848 1630 982 1721 ἀλόγων
1002 1629 1098 1731 ζώων,
1124 1631 1177 1701 καὶ
1208 1632 1334 1729 θηρίων,
1352 1631 1404 1700 καὶ

252 1746 441 1843 ἀνθρώπων.
479 1741 547 1814 Διὰ
565 1749 671 1816 τοῦτο
693 1744 900 1841 ἆτονιὺτερον
920 1741 1020 1814 αὑτὸν
1038 1739 1237 1842 ὑπάρχοντα
1258 1743 1343 1841 πρὸς
1361 1741 1404 1813 τό
1417 1765 1472 1803 Η·

253 1859 424 1948 γινώσκειν
457 1854 531 1928 τινὰ
564 1854 776 1939 πνευματικὰ,
805 1854 924 1927 3αὑτὸν
961 1857 1153 1939 νενομικέναι
1190 1857 1292 1939 μόνον
1327 1854 1403 1925 εἶναι

252 2091 416 2155 dominum
432 2104 541 2156 autem
555 2091 709 2157 universas
724 2091 926 2178 operationis.
970 2091 1066 2157 Hanc
1084 2099 1192 2157 autem
1212 2091 1357 2156 Matrem
1374 2103 1406 2156 et

253 2190 441 2277 Ogdoadem
459 2199 584 2266 vocant,
608 2200 643 2256 et
664 2192 824 2278 Sophiam,
850 2199 884 2258 et
908 2191 1050 2270 Terram,
1077 2200 1112 2258 ct
1138 2191 1350 2271 Hierusalem,
1373 2201 1407 2256 ct

254 2289 410 2377 Spiritum
434 2301 590 2372 sanetum,
608 2299 641 2356 et
666 2289 840 2357 Dominum
863 2291 1087 2357 masculiniter.
1141 2290 1273 2356 Habere
1298 2301 1407 2356 autem

252 2391 434 2456 medietatis
450 2391 553 2456 locum
570 2413 650 2467 eam,
669 2399 703 2456 et
720 2414 787 2456 esse
805 2390 932 2476 quidem
948 2413 1043 2476 super
1057 2390 1276 2478 Demiurgum,
1294 2393 1407 2456 subtus

253 2497 363 2554 autem
380 2490 445 2555 sive
461 2499 554 2555 extra
573 2491 720 2556 Pleroma
737 2491 893 2577 usquead
910 2491 1014 2555 linem.

327 2593 380 2653 10.
434 2589 592 2665 Quoniam
620 2590 747 2676 quidem
774 2588 971 2655 materialem
998 2589 1210 2656 substantiam
1238 2590 1407 2656 extribus

253 2686 449 2772 passionibus
474 2698 621 2754 constare
643 2689 763 2768 dicunt,
783 2690 907 2768 timore,
933 2699 967 2755 et
991 2689 1134 2769 tristitia,
1162 2698 1196 2754 et
1219 2690 1339 2775 aporia,
1368 2691 1408 2753 de

253 2786 368 2851 timore
382 2788 509 2872 quidem
520 2795 554 2854 et
564 2789 604 2853 de
616 2789 818 2853 conversione
828 2789 976 2854 animalia
986 2789 1223 2854 subsistentiam
1235 2790 1407 2875 accepisse:

253 2885 295 2951 de
310 2887 511 2952 conversione
528 2889 657 2973 quidem
675 2887 885 2975 Demiurgum
902 2890 1012 2953 volunt
1027 2891 1156 2975 genesin
1173 2888 1341 2954 habuisse:
1368 2889 1408 2952 de

253 2985 368 3052 timore
385 2994 494 3053 autem
509 2988 663 3073 reliquam
678 3009 805 3053 omnem
821 2988 990 3053 animalem
1003 2989 1232 3054 ⁴substantiam
1245 2997 1407 3053 mutorum

252 3087 447 3165 animalium,
474 3095 508 3153 et
533 3087 704 3154 hominum.
757 3088 804 3154 Et
838 3096 970 3174 propter
1002 3089 1063 3153 hoc
1091 3088 1305 3174 ⁵superiorem
1335 3109 1407 3153 eum

253 3187 445 3254 existentem
470 3188 618 3274 praescire
643 3212 714 3275 quae
739 3195 814 3254 sunt
840 3188 1003 3274 spiritalia,
1031 3196 1064 3254 et
1090 3211 1125 3253 sc
1151 3196 1281 3274 putasse
1305 3188 1406 3252 solum

302 3402 312 3434 ¹
330 3403 382 3452 But
396 3404 422 3451 in
437 3405 480 3452 the
495 3405 543 3452 eud
554 3407 698 3455 Achamoth
708 3407 805 3470 regains
856 3408 960 3469 πράσσει
972 3406 988 3466 ἢ
1000 3407 1126 3468 ἐργάζεται
1133 3408 1175 3455 οὐκ
1184 3407 1252 3455 οἶδεν.
1266 3405 1408 3468 ’Δγνοοΰντι

253 3484 296 3533 the
307 3485 428 3545 Pleroma,
443 3488 503 3544 §rm
856 3491 882 3539 δέ
900 3491 966 3549 αὐτῷ
982 3491 1020 3537 ὅτι
1033 3491 1059 3537 δέ
1076 3489 1146 3547 ποιεῖ,
1165 3489 1181 3546 ἡ
1197 3488 1274 3549 σοφία
1291 3489 1409 3549 ἐνήργησε

302 3562 314 3594 9
330 3567 408 3624 λύπης
418 3565 536 3614 rendered
550 3567 608 3615 here
621 3568 655 3631 by
665 3567 805 3629 trrhtr'tia,is
856 3572 936 3620 τιίντα
952 3572 992 3620 καί
1007 3571 1125 3631 ἐνίοχνσε,
1143 3572 1183 3618 καί
1197 3570 1287 3629 ἐκείνης
1302 3572 1409 3631 ἐνεργοὺ

253 3646 398 3695 afterwards
413 3648 544 3711 expresscd
558 3649 593 3712 by
607 3649 713 3710 ludium,
727 3663 755 3699 ιι.
768 3651 803 3700 lii.
855 3669 905 3712 σης,
929 3650 999 3700 αὑτὸς
1017 3651 1077 3711 ᾤετο
1094 3651 1138 3712 ἀφ’
1161 3651 1248 3699 ἑαυτοῦ
1271 3653 1347 3699 ποιεῖν
1365 3652 1410 3710 rip

254 3726 427 3778 Effrourrus
464 3737 619 3781 enumeratos
651 3749 668 3781 a
696 3732 806 3782 fourt'old
856 3734 932 3781 κτίσιν
951 3735 994 3781 τοῦ
1012 3734 1109 3791 κόσμου·
1135 3734 1190 3780 ὅθεν
1208 3732 1300 3794 ἤρξατο
1318 3735 1409 3794 λέγειν

254 3811 362 3874 passion,
376 3813 448 3874 εὑρὼν
459 3814 533 3872 αὑτὴν
547 3815 571 3862 ἐν
583 3815 671 3864 πάθεσι
681 3816 731 3864 τοῖς
742 3817 805 3878 τρώ·
851 3808 920 3876 Ἐγὼ
939 3815 952 3864 ὁ
970 3816 1028 3875 θεὸς,
1050 3816 1090 3863 καί
1109 3816 1174 3873 πλὴν
1196 3816 1254 3873 ἐμοῦ
1274 3816 1351 3864 ἄλλος
1370 3817 1411 3862 οὐκ

254 3908 304 3940 τοις
325 3893 431 3954 τέτρασι,
458 3895 497 3941 καί
519 3896 589 3958 φόβῳ
612 3897 651 3944 καί
678 3898 744 3958 λύπη
766 3899 806 3945 καί
855 3897 928 3955 ἔστιν,
943 3912 964 3943 c.
980 3909 1019 3957 33.

255 3972 344 4034 ἀπορίᾳ
362 3975 402 4021 καί
419 3976 507 4032 δεήσει.
541 3976 594 4024 The
608 3977 684 4025 latter
698 3978 719 4026 is
733 3982 760 4026 to
775 3978 806 4026 be
903 3975 1026 4024 *Glisas
1038 3976 1120 4025 would
1136 3977 1172 4029 fill
1185 3981 1231 4025 out
1245 3977 1290 4025 the
1308 3977 1411 4025 transls·

253 4053 381 4103 identified
402 4057 463 4104 with
484 4057 527 4106 the
547 4059 683 4120 ἐπιστροφὴ
699 4059 727 4108 of
747 4059 806 4108 Iun·
854 4058 907 4107 tion
930 4058 994 4106 alter
1018 4059 1061 4106 the
1083 4058 1173 4117 Greek,
1197 4058 1365 4107 διιὺείαιιίίαιο
1385 4065 1412 4106 ut

253 4147 339 4185 uuus.
854 4140 952 4190 animas
962 4141 1087 4189 brutorum
1094 4140 1280 4200 animalium
1285 4142 1410 4205 serarum,

303 4213 315 4247 ⁸
330 4216 366 4264 Το
377 4216 420 4265 the
431 4233 535 4281 passage
545 4218 610 4266 from
621 4219 700 4270 ΗΙΡΡ.
714 4221 806 4285 quoted
854 4228 876 4270 ct
885 4221 1026 4277 bominum
1042 4223 1088 4271 but
1104 4223 1125 4270 it
1141 4223 1162 4271 is
1173 4228 1220 4271 not
1229 4224 1345 4289 unlikely
1356 4225 1412 4273 that

253 4297 281 4346 in
297 4302 356 4346 note
368 4313 391 4356 ι,
405 4314 430 4361 p.
444 4309 485 4359 45,
505 4299 548 4347 the
561 4300 688 4365 following
702 4318 761 4367 may
775 4303 806 4351 bc
854 4304 897 4352 thc
909 4304 976 4353 word
989 4307 1068 4367 ψυχὰς
1079 4306 1168 4354 should
1182 4307 1247 4356 have
1264 4307 1328 4356 been
1339 4309 1413 4357 intcr·

253 4379 333 4428 added
350 4380 414 4428 from
431 4397 448 4428 a
465 4381 599 4445 preceding
617 4384 718 4443 section,
741 4387 807 4433 οὐδὲν
854 4385 953 4449 polated
964 4387 991 4434 in
1001 4387 1044 4435 the
1056 4387 1147 4436 Greek.

253 4462 322 4522 οἶδεν,
341 4462 461 4523 λέγουσιν,
479 4462 492 4511 ὸ
507 4464 648 4526 δημιουργὸς
665 4466 732 4525 ὅλως,
748 4465 809 4513 ἀλλ’
887 4465 1069 4530 ⁵Superr'orcm
1084 4468 1130 4518 tc.
1147 4470 1273 4532 ἀνώτερον.
1311 4469 1413 4534 shortly

254 4544 321 4591 ἐστιν
332 4546 400 4594 ὄνους
411 4545 451 4594 καί
461 4545 538 4607 μωρὸς
552 4544 608 4594 κατ’
624 4547 716 4607 atroth,
731 4548 771 4596 καί
782 4547 807 4594 τί
855 4548 999 4598 alterwmds
1018 4550 1039 4598 it
1055 4550 1077 4598 is
1094 4551 1154 4610 said,
1177 4551 1234 4600 that
1250 4553 1295 4609 the
1312 4552 1413 4604 Cosmo·
