2954 4986
258 336 307 406 86
772 349 892 402 cunno

103 527 246 614 glfflff
260 508 347 583 κατὰ
378 511 479 609 φύσιν
506 512 548 586 είς
575 507 618 581 τύ
648 506 742 608 παρὰ
769 511 879 608 φύσιν·
916 509 1016 591 ὅμοια
1047 511 1218 582 ποιοῦντες
1238 515 1310 580 τοῖς
1333 506 1412 574 ύκο·

96 620 248 705 Q
262 625 367 699 θέσεις
399 620 460 698 τὰς
491 623 658 717 τυχούσας
687 622 798 697 αύτοῖς
827 620 1129 719 προβαλλομένοις,
1155 618 1273 688 ἔπειτα
1297 647 1412 714 πειρω-

260 736 368 819 μένοις
397 735 431 803 έκ
457 738 523 805 τῶν
543 733 690 829 Ὀμήρου
707 729 899 814 ποιημάτων
917 733 1080 822 1μελενᾷν
1097 727 1206 812 odric,
1227 724 1320 799 ὥστε
1338 728 1412 803 τούς

262 846 497 943 ἇπειροτέρους
516 843 621 914 δοκεῖν
639 845 692 914 ἐπ’
708 845 823 925 ἐκείνης
839 851 897 925 τῆς
919 843 957 938 ἐξ
975 842 1134 933 ύπογνίου
1154 841 1411 924 μεμελετημένης

261 959 446 1033 ὑποθέσεως
461 953 617 1054 Ὅμηρον
638 953 683 1027 τὰ
706 958 768 1038 έπη
793 956 1012 1037 πεποιηκέναι,
1039 953 1093 1024 καί
1123 952 1272 1028 πολλούς
1297 982 1412 1048 συναρ-

261 1067 431 1169 πάζεσθαι
463 1066 516 1137 dcci
547 1075 605 1149 τῆς
636 1072 702 1138 τῶν
732 1068 818 1136 έπῶν
848 1069 1007 1138 συνθέτου
1033 1064 1239 1147 ἀκολουθίας,
1269 1063 1316 1147 μη
1348 1061 1410 1160 ἄρα

263 1181 359 1253 ταῦθ’
379 1175 644 1276 ούτωςὍμηρας
664 1179 711 1261 ε’ίη
731 1177 923 1260 πεποιηκιές.
951 1178 1008 1254 Ὡς
1031 1179 1049 1248 ὁ
1071 1175 1133 1248 τὸν
1151 1176 1326 1276 Ἠρακλέα
1348 1172 1410 1243 ύπό
1422 1197 1470 1235 Η

263 1291 458 1391 Εὐρυσθέως
485 1290 539 1360 έτί
569 1289 630 1361 τὸν
654 1292 687 1360 έν
717 1293 767 1380 τῷ
785 1287 877 1384 Ἀθη
903 1292 978 1361 κύνα
1004 1289 1215 1372 πεμπόμενον
1243 1286 1318 1357 2θιιὶ
1348 1290 1410 1356 τῶν

261 1405 447 1502 Ὁμηρικῶν
469 1403 599 1498 στίχων
625 1400 768 1502 γράφων
794 1398 904 1479 ούτως·
942 1399 1051 1500 (cnidio
1073 1401 1142 1499 ’γὰρ
1164 1401 1276 1470 κωλύει
1303 1429 1410 1496 παρα-

263 1513 443 1606 δείγματος
479 1511 579 1612 χάριν
609 1515 843 1598 έπιμνησθῆναι
874 1514 928 1584 καὶ
959 1515 1094 1597 τούτων,
1125 1513 1241 1596 ὁμοίας
1270 1511 1324 1582 καὶ
1355 1517 1410 1590 τῆς

262 1629 360 1709 αύτῆς
390 1629 487 1708 ούσης
517 1628 748 1723 ἐπιχειρήσεως
776 1636 847 1702 τοῖς
872 1624 1110 1725 ἀμφοτέροις.)

421 1801 468 1859 Ὠς
488 1803 579 1871 circio,
599 1800 752 1872 α’πέπεμπε
772 1801 861 1874 δόμων
879 1800 975 1883 βαρέα
996 1802 1183 1881 στενάχοντα

421 1894 496 1953 ‘Md'
514 1896 674 1976 Ἡρακλῆα,
693 1899 822 1970 μεγάλων
840 1895 992 1973 ἐπιίστορα
1012 1895 1109 1976 ἔργων,

423 1990 588 2071 Εύρυσθεύς,
609 1991 758 2050 Σθενέλοιο
779 1995 844 2049 παῗς
865 1991 1048 2070 Περσηῖιίδαο

264 2194 340 2258 dnm
357 2201 516 2268 naturam,
536 2192 569 2257 in
586 2191 619 2257 id
637 2193 722 2278 quod
740 2200 790 2258 est
806 2199 920 2258 contra
936 2199 1100 2260 naturam:
1126 2190 1241 2256 similia
1264 2193 1413 2257 iacientes

263 2293 310 2366 iis,
324 2293 377 2378 qui
388 2291 618 2357 controversias
627 2292 830 2377 sibimetipsis
841 2291 999 2378 quaslibet
1011 2299 1203 2376 proponunt,
1214 2300 1289 2376 post
1303 2292 1413 2356 deinde

264 2400 421 2457 conantur
431 2399 465 2455 et
480 2388 519 2480 [l.
531 2386 590 2478 ex]
606 2389 785 2455 Homericis
798 2390 938 2456 versibus
950 2391 1097 2455 meditari
1111 2412 1183 2455 eas:
1200 2391 1248 2454 ita
1257 2400 1296 2454 ut
1309 2391 1413 2455 idiote

264 2499 434 2576 potenter
451 2490 506 2555 illa
523 2489 690 2574 temporali
707 2490 885 2554 declamata
893 2489 1107 2554 controversia
1121 2488 1300 2553 Homerum
1311 2512 1413 2553 versus

264 2589 383 2662 iecisse,
417 2596 451 2654 et
478 2588 570 2654 multi
603 2590 803 2653 abducentur
828 2611 886 2673 per
921 2588 1127 2673 compositam
1157 2589 1413 2673 consequentiam

265 2709 423 2763 versuum,
449 2710 490 2752 ne
516 2689 601 2753 forte
626 2688 694 2752 hoeo
719 2689 764 2752 sic
787 2687 948 2752 Homerus
964 2687 1084 2752 lecerit.
1136 2686 1412 2762 Quemadmodum

266 2784 438 2850 Herculem
464 2788 505 2851 ab
527 2786 708 2873 Eurystheo
733 2787 775 2851 ad
800 2809 872 2851 cum
897 2787 951 2871 qui
977 2787 1062 2871 apud
1088 2786 1205 2850 inferos
1226 2794 1279 2850 est
1307 2807 1412 2850 canem

264 2884 394 2948 missum
410 2908 450 2950 ex
467 2885 648 2951 Homericis
664 2886 805 2950 versibus
825 2886 966 2951 scribens
984 2885 1045 2950 ita:
1072 2885 1149 2949 nihil
1164 2885 1250 2949 enim
1268 2885 1412 2970 prohibet

264 2985 403 3070 exempli
428 2986 534 3072 gratia
560 2985 817 3050 ³commemorari
845 2993 879 3050 et
913 2984 1035 3060 horum,
1065 3006 1137 3048 oum
1170 2985 1214 3049 sit
1242 2984 1355 3049 similis
1383 2991 1412 3047 et

264 3086 377 3149 eadem
394 3085 537 3171 utrisque
551 3083 796 3171 argumentatio.

386 3238 461 3294 Haec
481 3238 532 3294 ubi
553 3238 634 3295 dicta
653 3237 742 3309 dedit,
764 3236 863 3293 emisit
882 3235 985 3292 limine
1005 3235 1125 3292 flentem

385 3333 563 3390 ‘Herculem
583 3334 737 3403 invictum,
756 3351 928 3408 magnarum
948 3351 1008 3388 non
1027 3331 1152 3388 inscium
1173 3349 1284 3403 rerum,

385 3428 567 3504 Eurystheus
587 3437 675 3485 natus
696 3428 835 3487 Sthenelo
855 3429 989 3505 prosapia
1009 3428 1116 3500 Persei,

312 3640 322 3672 ¹
339 3639 450 3700 μελενςῖν,
466 3638 523 3686 Lat.
543 3638 664 3698 medice-i,
689 3644 717 3688 to
733 3640 814 3688 which
863 3638 996 3689 hincinde
1011 3639 1152 3702 comperdit,
1169 3639 1199 3687 ia
1216 3655 1296 3688 ιιινιιυι
1309 3639 1412 3690 sarciant

263 3720 815 3785 renderinansan‚Massnn¹randSr1nusn
863 3736 957 3783 corpur.
993 3721 1096 3770 Precor.
1109 3721 1178 3770 Ηαν.
1194 3736 1234 3786 39.

264 3804 322 3851 talne
333 3803 472 3865 exception.
501 3802 609 3865 Bearing
619 3803 646 3850 in
658 3803 734 3862 mind,
747 3803 814 3851 how·
912 3800 923 3833 ³
939 3802 991 3852 'lhe
1002 3802 1136 3850 translator
1146 3802 1279 3850 elsewhere
1289 3819 1347 3852 mes
1357 3816 1411 3851 eom

264 3900 328 3942 ever,
342 3884 384 3931 the
395 3883 521 3945 Virgilian
531 3884 620 3946 phrase
631 3898 724 3932 υιιωαννι
739 3884 813 3932 medi·
863 3883 992 3930 memorari
1002 3884 1028 3930 in
1038 3899 1071 3930 au
1079 3883 1161 3931 active
1169 3899 1248 3932 sense.
1267 3883 1412 3946 Couversely

263 3960 418 4018 ιανιὲναοαια,
433 3959 483 4007 and
494 3960 537 4008 the
554 3965 652 4008 custom
670 3960 699 4007 ol
711 3961 814 4009 authors
862 3962 1010 4024 resripouis
1027 3965 1131 4028 usedby
1142 3966 1194 4012 him
1206 3966 1233 4013 in
1244 3967 1376 4030 apassire,
1387 3980 1412 4013 or

263 4048 290 4091 to
307 4042 410 4090 deelaim
423 4040 512 4101 (Gracc
522 4041 635 4103 μελετᾷν)
650 4042 716 4089 their
732 4058 813 4090 verses
861 4046 946 4094 rather
961 4063 977 4094 a
990 4047 1113 4096 reflective
1127 4064 1205 4097 sense.
1240 4049 1271 4096 Β
1286 4049 1411 4098 λοναωία

263 4123 289 4170 in
300 4122 390 4186 public,
404 4123 448 4169 the
458 4122 607 4170 translation
618 4123 639 4170 is
650 4129 696 4171 not
706 4124 789 4172 amisa.
861 4127 905 4175 the
915 4129 1025 4190 genitive
1036 4129 1057 4177 is
1068 4146 1084 4177 a
1094 4146 1159 4193 copy
1170 4131 1199 4178 of
1207 4133 1249 4179 καὶ
1259 4135 1359 4181 τούτων.

313 4202 511 4251 ’husonum
528 4204 619 4266 speaks
630 4205 658 4252 of
672 4205 715 4252 the
726 4205 813 4252 Homc-
910 4210 990 4259 ‘The
1009 4213 1145 4261 translator
1162 4215 1293 4279 evidently
1307 4215 1372 4264 lived
1388 4214 1410 4261 in

263 4293 404 4343 recentem,
419 4285 447 4332 of
458 4284 538 4332 which
550 4284 676 4332 Instemus
687 4303 812 4349 preservea
861 4307 894 4340 an
910 4294 1051 4356 uupoeticel
1068 4311 1130 4357 age;
1148 4295 1195 4344 but
1210 4297 1230 4344 J
1232 4309 1316 4347 umus
1332 4299 1353 4347 is
1370 4300 1410 4345 not

262 4368 312 4417 this
339 4367 470 4430 specimen,
499 4365 713 4414 Homerocentonce
741 4368 813 4416 etiam
861 4387 921 4435 very
932 4373 1016 4437 happy
1028 4375 1053 4422 in
1065 4376 1103 4424 his
1114 4377 1206 4425 second
1217 4377 1276 4438 line,

261 4448 433 4507 occurerem,
447 4447 489 4510 qni
504 4447 534 4495 dc
550 4447 700 4496 carmiaittu
711 4448 812 4498 Ηουωνι·
860 4453 971 4503 Herclem
982 4470 1128 4518 νιαρνιακυοι
1139 4457 1180 4505 cci
1191 4473 1258 4508 meru
1271 4475 1322 4508 noa
1338 4457 1410 4508 ιἰννοίο

261 4532 364 4592 proprio
375 4546 455 4593 opero,
466 4546 529 4579 more
539 4530 682 4590 οειιίονιανίο,
693 4546 721 4579 cc
731 4532 813 4581 muno
925 4550 1014 4584 mm.
