2954 4986
249 317 316 380 362
605 331 716 383 vara
741 330 1034 384 rimnsmconuu

80 505 231 589 napae.
250 485 303 571 qui
317 492 424 549 autem
438 484 511 550 lecit
526 484 654 572 angelos
674 507 748 551 suos
768 485 906 571 spiritus,
922 494 954 551 et
968 485 1109 550 induitur
1122 486 1246 552 lumine
1264 487 1398 573 quemad-

91 599 176 682 (ἷξῇξὲ
185 598 222 683 ¹1¹,ss
251 590 376 653 modum
397 589 534 676 pallium,
558 598 591 656 et
614 590 698 655 velut
720 590 753 654 in
774 599 978 656 manutenet
999 612 1112 678 gyrum
1129 599 1237 667 terrae,
1258 591 1299 654 ad
1320 612 1399 676 quem

84 693 231 776 Q
252 693 463 759 inhabitantes
483 717 552 758 eam
575 694 660 759 velut
683 695 811 760 locustae
835 704 910 760 sunt
930 695 1080 782 deputati,
1101 703 1135 760 et
1153 695 1308 760 universas
1322 695 1401 780 spiri·

83 804 223 896 ξζξῑξῇῥ·
251 799 323 862 talis
337 800 520 863 substantiae.
534 800 740 887 Demiurgum
754 809 787 865 et
803 801 972 865 Dominum
987 800 1155 865 animalem
1170 822 1241 865 esse
1256 800 1400 864 dicentes:

83 898 114 936 ²²
252 902 426 966 indubitate
441 911 473 967 et
483 925 553 968 vere
568 926 659 967 suam
675 905 844 967 ostendunt
860 903 1022 980 insaniam,
1038 912 1070 968 et
1086 904 1172 968 velut
1187 925 1262 968 vere
1277 904 1315 966 de
1329 903 1401 966 toni-

253 1014 323 1070 truo
338 1009 475 1093 percussi
491 1030 584 1092 super
598 1030 653 1072 eos
668 1008 720 1093 qui
735 1008 847 1072 fabulis
858 1009 1032 1072 reseruntur
1042 1008 1209 1095 Gigantes,
1226 1008 1403 1072 extollentes

252 1111 426 1174 sententias
447 1112 594 1175 adversus
617 1111 732 1187 Deum,
751 1111 972 1195 praesumtione
993 1133 1073 1175 vana
1095 1120 1128 1175 et
1149 1110 1290 1174 instabili
1312 1110 1402 1195 gloria
1412 1130 1447 1168 aa

253 1214 374 1291 tumidi,
391 1216 503 1299 quibus
517 1215 667 1278 universa
687 1227 779 1278 terrae
805 1215 991 1280 ¹elleb0rum
1015 1236 1077 1277 non
1101 1214 1219 1278 suffieit
1237 1215 1279 1278 ad
1300 1236 1403 1298 expur-

253 1318 422 1404 gationem,
438 1320 483 1382 uti
499 1327 644 1383 evomant
659 1328 781 1382 tantam
795 1341 885 1382 suam
903 1319 1079 1383 stultitiam.
1124 1318 1315 1383 ²llleliorem
1329 1319 1404 1382 enim

253 1444 294 1484 ex
317 1421 461 1505 operibus
485 1432 607 1506 oportet
627 1422 759 1485 ostendi.
806 1422 902 1487 Unde
923 1422 1017 1508 igitur
1034 1423 1223 1508 semetipsos
1243 1422 1405 1486 ostendunt

254 1523 427 1610 Demiurgo
450 1525 603 1603 meliores,
622 1526 684 1612 (uti
706 1534 738 1590 et
757 1547 815 1590 nos
834 1527 874 1590 ad
892 1526 1084 1610 impietatem
1099 1535 1230 1612 propter
1244 1526 1404 1591 necessita·

253 1635 319 1690 tem
333 1629 485 1692 sermonis
500 1629 713 1716 deverganms,
735 1629 796 1694 Dei
815 1637 848 1694 et
865 1629 1042 1694 insanorum
1063 1629 1228 1693 hominum
1252 1651 1404 1714 compara·

254 1729 370 1794 tionem
400 1731 560 1809 facientes,
591 1747 624 1796 et
653 1732 686 1795 in
712 1733 1012 1819 argumentationem
1040 1755 1148 1797 eorum
1175 1733 1404 1809 descendentes,

254 1855 338 1918 saepe
367 1857 422 1920 per
450 1837 573 1920 propria
602 1836 739 1922 ipsorum
766 1837 915 1923 dogmata
943 1843 1109 1922 arguentes
1138 1857 1212 1901 eos:
1237 1838 1295 1901 sed
1323 1836 1405 1900 nobis

255 1937 379 2023 quidem
406 1939 559 2024 propitius
581 1939 623 2002 sit
652 1939 759 2014 Deus;
792 1938 961 2002 nonenim
990 1938 1050 2002 illis
1079 1959 1152 2002 eum
1181 1949 1405 2023 comparantes.

254 2042 309 2104 sed
327 2050 504 2125 arguentes,
520 2050 553 2106 et
575 2051 748 2107 evertentes
770 2043 891 2106 illorum
912 2041 1073 2119 insaniam,
1090 2042 1225 2107 dicimus
1245 2041 1342 2121 haec),
1357 2041 1406 2105 ⁸ad

255 2167 332 2228 quos
347 2154 530 2230 stupescunt
545 2146 634 2210 multi
649 2147 886 2224 insensatorum,
903 2145 991 2231 quasi
1007 2145 1075 2230 plus
1094 2145 1212 2229 aliquid
1227 2146 1314 2229 ⁴ipsa
1335 2144 1405 2209 reri·

254 2256 320 2311 talc
335 2250 374 2311 ab
390 2250 435 2312 eis
450 2258 577 2334 possent
593 2250 729 2314 disceret

83 2375 143 2416 aaa
153 2377 186 2416 vo.
194 2379 211 2422 7·
320 2355 349 2415 2.
374 2352 419 2415 Et
433 2351 507 2415 illud
523 2353 605 2436 quod
627 2354 854 2437 scriptumest,
880 2353 1020 2431 Quaerite,
1044 2362 1072 2416 et
1093 2352 1266 2427 iure-ruetis,
1289 2352 1329 2415 ad
1351 2352 1447 2417 hocs·

253 2454 372 2519 dictum
402 2476 472 2519 esse
501 2455 753 2541 interpretantur,
783 2455 830 2519 uti
866 2478 959 2541 super
988 2455 1195 2540 Demiurgum
1224 2455 1405 2540 semetipsos

252 2559 461 2635 adinveniant,
478 2561 611 2644 majores
622 2569 654 2624 et
669 2559 811 2624 meliores
823 2568 970 2624 vocantes
983 2558 1168 2642 semetipsos
1184 2580 1279 2642 quam
1296 2558 1403 2632 Deum,

252 2671 284 2724 et
299 2663 484 2746 semetipsos
499 2663 663 2746 spiritales,
682 2663 887 2750 Demiurgum
902 2671 1008 2727 autem
1022 2662 1208 2725 animalem:
1229 2671 1262 2726 et
1285 2671 1405 2748 propter

252 2763 320 2840 hoc,
336 2767 594 2848 superascendere
609 2789 663 2830 eos
677 2788 769 2853 super
785 2767 905 2830 Deum:
930 2775 962 2830 et
976 2788 1011 2829 se
1026 2765 1150 2850 quidem
1166 2767 1250 2829 intra
1266 2766 1404 2830 Pleroma

252 2869 370 2945 cedere,
402 2869 506 2932 Deum
534 2877 640 2933 autem
666 2870 699 2933 in
728 2869 904 2934 medietatis
930 2871 1008 2933 loco.
1052 2869 1106 2932 Ab
1133 2869 1281 2952 operibus
1305 2870 1404 2954 itaquo

250 2973 418 3037 ostendant
440 2974 624 3060 semetipsos
647 2974 820 3060 Demiurgo
834 2975 995 3045 meliores;
1019 2973 1189 3037 nonenim
1212 2974 1246 3037 in
1268 2997 1306 3039 eo
1328 2975 1404 3060 quod

253 3076 375 3153 dicitur,
392 3078 447 3141 sed
463 3077 494 3140 in
510 3100 547 3141 eo
559 3079 641 3162 quod
657 3086 715 3154 est,
730 3078 839 3142 melior
854 3078 975 3143 ostendi
990 3078 1093 3142 debet.

82 3205 231 3337 ffiunlffilu'
330 3224 422 3293 ⁵de
443 3225 475 3293 ἐν
494 3227 544 3313 τῷ
562 3225 682 3315 λέγειν,
694 3222 771 3293 ἀλλ’
792 3224 824 3292 ἐν
841 3230 894 3313 τῷ
909 3222 986 3293 εἶναι
1006 3225 1024 3293 ὁ
1044 3224 1205 3322 κρείττων
1223 3223 1401 3297 δείκνυσθαι

80 3345 140 3393 ..a
252 3337 381 3434 ὀφείλει
413 3333 455 3442 [fi
474 3342 493 3407 z.
512 3332 637 3440 φιλεῖ]Ι

315 3489 347 3549 3.
388 3485 478 3565 Quod
491 3485 585 3571 igitur
600 3508 678 3571 opus
693 3486 910 3550 monstrabunt
925 3508 980 3570 per
998 3485 1184 3570 semetipsos
1198 3511 1219 3553 a
1235 3489 1401 3565 Salvatore

249 3587 312 3652 sive
327 3609 346 3651 a
364 3588 469 3652 Matre
490 3589 625 3672 ipsorum
646 3590 774 3665 lactum,
789 3597 844 3653 aut
866 3591 977 3676 majus,
1000 3599 1055 3653 aut
1072 3589 1275 3675 splendidius,
1290 3603 1345 3658 aut
1359 3616 1403 3657 ra·

249 3692 427 3757 tionabilius
441 3693 491 3757 his
506 3715 575 3777 qum
591 3694 761 3757 factasunt
783 3693 843 3755 6ab
864 3692 934 3768 hoc,
958 3693 1009 3778 qui
1032 3694 1100 3758 hacc
1115 3696 1221 3760 omnia
1236 3697 1403 3783 disposuit!

299 3837 454 3887 11nrsrrns
472 3857 522 3889 was
545 3841 672 3903 evidently
689 3839 803 3888 areader
902 3837 967 3888 ⁴0f.
981 3856 1006 3903 p.
1017 3853 1040 3901 3.

250 3920 279 3967 of
292 3920 414 3979 Horace,
433 3921 482 3969 and
502 3923 551 3970 had
568 3924 594 3971 in
612 3924 651 3971 his
670 3922 739 3971 mind
760 3923 803 3970 the
902 3920 913 3952 ⁵
930 3922 983 3969 Hoc
994 3921 1164 3983 fragmentum
1177 3923 1323 3973 Fridericua
1334 3926 1404 3974 llus·

251 4002 384 4061 Horatian,
398 4002 803 4067 tridusrlutirym'scopulinsana·
853 4012 917 4052 terras
941 4020 953 4051 c
978 4003 1064 4053 Codice
1092 4004 1209 4053 Vaticano
1232 4019 1331 4066 uuum,
1363 4023 1405 4069 quo

250 4086 304 4134 tile.
340 4085 424 4147 (A.P.
439 4087 505 4146 300.)
854 4086 1005 4134 nutriremur
1028 4086 1129 4145 Galeam,
1154 4088 1278 4148 exscripsit
1299 4097 1319 4137 rt
1336 4090 1405 4152 simq-

299 4166 446 4228 Βκρείττων,
482 4168 535 4216 Τὴν
552 4169 661 4228 Cannu,
683 4171 734 4219 An.
753 4169 802 4216 and
852 4168 937 4215 ruentia
959 4168 1064 4216 Petrum
1087 4168 1162 4217 Graec.
1183 4169 1263 4229 (Fuso.
1285 4184 1303 4221 1.
1324 4189 1347 4236 p.
1367 4172 1405 4233 54)

250 4249 338 4298 MsRc.
363 4262 394 4298 11.
419 4250 494 4298 MSS.
519 4251 616 4299 Melior.
660 4251 712 4299 The
736 4251 801 4299 Edd.
849 4249 947 4311 publici
963 4249 1030 4310 juria
1046 4249 1115 4311 jecit.
1145 4250 1179 4297 Iu
1203 4250 1292 4300 Codice
1310 4254 1406 4301 citatum

250 4331 313 4379 have
336 4332 469 4383 Meliorem.
513 4333 633 4396 Compare
656 4335 697 4381 tha
720 4334 803 4383 Greek
853 4340 883 4380 est
900 4332 1069 4394 fragmentum
1090 4332 1129 4380 lia
1151 4333 1244 4384 tertiu-
1273 4339 1318 4384 τοῦ
1339 4338 1407 4398 ἁγίου

249 4413 374 4477 fragment
390 4416 475 4474 below,
489 4416 538 4463 and
550 4416 582 4463 its
593 4416 749 4465 translation.
853 4416 979 4476 Εἱρηναΐου
999 4417 1025 4463 ἐκ
1049 4418 1093 4464 τοῦ
1112 4417 1135 4478 β
1159 4419 1266 4478 ἐλέγχου
1290 4422 1330 4467 rel
1354 4422 1406 4467 dm·

299 4494 413 4557 ³Grrrcc,
435 4500 493 4559 πρὸς
515 4497 554 4547 οὓς
577 4500 691 4559 κεχήνασι
714 4499 802 4546 πολλοὶ
852 4501 943 4560 τροπῆς
954 4501 996 4557 τῆς
1014 4501 1165 4561 ψευδωνύμου
1175 4503 1298 4560 γνώσεως.
1322 4504 1404 4552 Sum

249 4577 297 4624 τῶν
309 4578 421 4636 ἀνοήτων,
441 4579 514 4628 an.
898 4579 1099 4630 ‘TheHobrew
1109 4585 1288 4646 comparative.
