2954 4986
543 347 590 396 ss
617 345 778 397 nssrcm.
1168 325 1233 395 277

76 494 111 569 in
135 496 275 582 utrisque
298 499 485 565 exorbitant.
532 498 728 585 Impossibile
751 507 801 564 est
826 501 909 564 enim
933 523 1066 564 ennoean
1093 500 1233 585 alicujus,
1248 516 1302 557 mn:
1314 517 1343 557 11·
1351 517 1398 556 xia·

75 605 133 665 aut
162 598 320 663 silentium
341 601 509 686 separatim
538 601 679 688 intelligi,
707 610 739 666 et
769 610 859 666 extra
888 624 959 666 eum
989 602 1137 666 emissum
1163 624 1234 688 pro·
1258 565 1390 694 {gigig

78 701 178 785 priam
194 701 309 767 habere
330 705 558 790 figurationem.
604 705 638 768 Si
663 715 768 769 autem
788 727 852 769 non
872 706 977 769 dicent
998 727 1067 770 esse
1088 706 1234 771 emissam
1294 702 1357 740 *Μ

78 802 163 867 illam
194 816 294 885 extra,
324 809 380 872 sed
410 808 581 872 adunatam
611 808 788 893 Propatori,
820 817 856 873 ut
892 809 967 894 quid
1002 831 1073 875 cum
1107 809 1234 895 reliquis

80 908 238 973 AEonibus
251 920 455 975 annumerant
470 933 550 988 eam,
573 910 622 974 his
643 911 696 996 qui
718 934 781 975 non
802 918 876 976 sunt
897 912 1036 990 adunati,
1060 921 1092 976 et
1106 921 1233 998 propter
1308 902 1312 907 ¹

77 1009 138 1075 hoo
160 1010 304 1096 ignorant
323 1015 570 1101 magnitudinem
590 1015 678 1099 ejust
723 1014 758 1078 Si
779 1023 885 1079 autem
908 1023 941 1078 et
962 1014 1051 1078 unita
1065 1023 1124 1092 est,
1143 1020 1233 1101 (con-

78 1111 249 1177 sideremus
263 1124 296 1178 et
310 1115 396 1199 hoc,)
420 1117 591 1181 necessitas
610 1125 659 1180 est
680 1116 781 1181 omnis
795 1117 835 1180 ab
851 1115 938 1182 unita
959 1117 1177 1203 conjugatione
1199 1127 1233 1183 et

78 1213 276 1300 inseparabili
296 1226 330 1282 et
351 1241 447 1283 unum
470 1218 641 1284 exsistente
658 1218 868 1296 indiscretam,
884 1227 917 1283 et
936 1219 1056 1283 unitam
1078 1241 1147 1285 eam
1162 1242 1232 1305 quae

77 1339 118 1380 ex
147 1339 186 1381 ea
214 1328 272 1397 est,
304 1319 501 1386 emissionem
530 1321 607 1399 fieri,
639 1329 674 1385 ut
705 1343 768 1384 non
789 1321 947 1386 dissimilis
974 1322 1017 1386 sit
1044 1323 1085 1388 ab
1114 1344 1152 1387 eo
1179 1322 1232 1409 qui

77 1421 190 1489 emisit.
236 1422 309 1488 Hoc
323 1431 428 1488 autem
450 1424 496 1489 sic
518 1445 552 1488 se
570 1424 715 1502 habente,
735 1446 832 1488 unum
854 1433 886 1488 et
907 1424 991 1488 idem
1005 1425 1069 1503 liet,
1085 1426 1232 1511 quemad-

77 1524 203 1588 modum
220 1525 342 1610 Bythus
355 1534 387 1590 et
404 1526 488 1613 Sige,
503 1527 597 1591 sicet
613 1526 682 1590 Nus
696 1534 729 1591 et
744 1526 883 1602 Alethia,
899 1547 1021 1611 semper
1038 1528 1232 1596 adhaerentes

77 1625 224 1691 invicem:
248 1636 281 1692 et
294 1629 376 1714 quod
388 1651 451 1694 non
466 1629 565 1715 possit
585 1629 717 1693 alterum
732 1628 799 1694 siue
818 1629 916 1693 altero
930 1628 1071 1715 intelligi,
1084 1630 1232 1716 quemad·

78 1729 204 1792 modum
227 1751 327 1815 neque
347 1719 432 1817 aqua¹
449 1731 517 1795 sine
540 1730 780 1807 humectatione,
803 1752 903 1816 neque
926 1730 1008 1816 iguis
1028 1731 1096 1795 sine
1117 1730 1231 1808 calore,

78 1851 179 1917 neque
211 1832 290 1918 lapis
324 1835 391 1898 sine
431 1833 557 1911 duritia,
588 1833 677 1899 unita
711 1842 784 1899 sunt
816 1835 900 1898 enim
933 1833 1063 1898 invicem
1093 1835 1171 1911 haec,
1199 1843 1233 1898 et

78 1932 258 2000 alterumab
276 1936 373 2000 altero
396 1937 531 2022 separari
552 1960 615 2002 non
630 1944 743 2022 polest,
765 1937 821 2001 sed
840 1959 962 2022 semper
983 1936 1171 2001 coexsistere
1192 1937 1231 2001 ei.

80 2036 132 2100 Sic
146 2047 180 2102 et
195 2037 333 2124 Bythum
347 2062 419 2104 cum
441 2040 565 2104 Ennoea
585 2041 750 2105 adunitum
771 2062 840 2105 asse
861 2048 994 2125 oportet,
1017 2048 1050 2104 et
1071 2039 1145 2103 Nun
1160 2061 1232 2104 eum

49 2184 54 2196 .
79 2140 208 2205 Alethia
222 2143 332 2207 eodem
347 2143 448 2207 modo.
496 2143 617 2208 Rursus
631 2151 664 2207 et
680 2143 785 2230 Logos
806 2152 839 2206 et
862 2144 928 2206 Zoe
949 2143 990 2206 ab
1005 2142 1101 2206 unitis
1115 2142 1231 2222 emissi,

78 2244 194 2317 unitos¹
209 2267 288 2339 esse,
314 2254 347 2310 et
366 2269 464 2311 unum
486 2269 556 2313 esse
582 2247 706 2312 debent.
747 2246 930 2311 Secundum
959 2246 1027 2310 haec
1052 2255 1168 2323 autem,
1199 2256 1233 2312 et

80 2346 188 2412 Homo
203 2357 236 2412 et
251 2348 404 2427 Ecclesia,
423 2359 456 2415 et
470 2350 614 2416 universa
634 2350 822 2436 reliquorum
836 2351 981 2414 AEonum
1003 2349 1233 2436 conjugationis

77 2451 211 2529 emissio,
227 2453 315 2518 unita
333 2476 402 2519 esse
423 2455 526 2532 dehet,
546 2464 579 2520 et
598 2477 721 2541 semper
741 2454 928 2521 coexsistere
950 2453 1082 2518 alterum
1106 2453 1232 2520 ¹altero.

80 2553 257 2619 Foeminam
272 2557 355 2623 enim
370 2557 513 2621 AEonum
528 2557 644 2644 pariter
662 2579 731 2622 esse
746 2564 868 2644 oportet
883 2577 954 2623 oum
969 2554 1106 2620 masculo
1122 2577 1233 2621 secuu-

78 2659 153 2722 dum
168 2681 231 2735 eos,
247 2682 319 2724 cum
333 2659 375 2724 sit
389 2659 472 2725 velut
487 2660 610 2725 affectio
625 2662 703 2747 ejus.

145 2765 175 2826 2.
221 2761 266 2826 Et
280 2762 348 2827 haeo
363 2762 494 2829 sumita
507 2785 542 2827 se
556 2763 702 2841 habeant,
716 2770 748 2827 et
764 2785 836 2827 cum
851 2763 918 2828 haec
934 2762 1077 2829 dicantur
1090 2764 1131 2827 ab
1146 2763 1231 2848 ipsis,

78 2886 184 2928 rursus
202 2864 396 2951 impudorate
421 2866 538 2930 audent
559 2866 679 2942 docere,
700 2865 856 2951 juniorem
878 2865 1065 2930 duodecadis
1080 2865 1231 2950 AEonem,

79 2989 171 3052 quem
198 2976 231 3032 et
255 2967 404 3054 Sophiam
432 2967 599 3053 appellant,
630 2967 697 3030 sine
723 2967 927 3052 permixtione
956 2965 1109 3052 conjugis,
1140 2988 1233 3051 quem

80 3069 245 3135 Theletum
267 3079 389 3149 vocant,
411 3092 536 3157 passam
557 3091 625 3134 esse
648 3070 834 3154 passionem,
860 3077 893 3133 et
916 3068 1083 3154 separatim
1104 3067 1172 3131 sine
1195 3089 1233 3130 eo

78 3175 213 3239 fructum
239 3194 415 3260 generasse,
442 3195 535 3260 quem
560 3181 593 3237 et
622 3171 782 3236 loeminam
804 3193 824 3234 a
847 3170 976 3234 foemina
992 3168 1172 3245 nominant,
1200 3169 1233 3243 in

78 3285 202 3341 tantum
218 3275 381 3340 dementiae
401 3275 556 3362 progressi
571 3275 616 3339 ita
630 3282 666 3339 ut
687 3271 938 3336 manifestissime
960 3271 1038 3335 duas
1062 3270 1233 3336 contrarias

79 3379 118 3443 de
132 3379 241 3443 eodem
256 3379 427 3444 sententias
442 3386 598 3443 censeant.
645 3375 777 3440 sienim
793 3374 916 3460 Bythus
936 3375 1083 3438 adunitus
1098 3381 1146 3438 est
1160 3395 1233 3440 cum

80 3473 165 3568 Sige,
181 3492 214 3546 et
231 3483 300 3547 Nus
312 3505 384 3547 cum
400 3481 539 3560 Alethia,
554 3491 587 3546 et
603 3481 709 3568 Logos
723 3502 794 3545 oum
810 3480 887 3557 Zoe,
903 3488 936 3543 et
950 3477 1058 3564 reliqui
1073 3477 1231 3564 deinceps,

79 3586 341 3666 quemadmodum
366 3593 489 3672 poterat
521 3585 638 3669 Sophia
663 3585 730 3648 sine
760 3583 903 3669 conjugis
936 3580 1135 3667 perplexione
1166 3580 1232 3666 pati

77 3689 205 3776 aliquid,
220 3688 266 3754 vel
281 3693 449 3777 generare?
486 3689 520 3753 Si
535 3696 639 3753 autem
654 3688 721 3752 haec
736 3687 819 3751 ²sinc
837 3686 889 3749 illo
910 3705 1002 3770 passa
1024 3693 1084 3759 est,
1105 3704 1232 3748 neeesse

78 3802 184 3858 estet
212 3792 346 3879 reliquas
375 3792 611 3879 conjugationes
635 3789 865 3855 abscessionem
893 3795 926 3851 et
954 3786 1183 3871 separationem
1212 3806 1232 3881 a

78 3896 254 3981 semetipsis
282 3896 440 3982 accipere:
479 3894 562 3981 quod
599 3903 648 3957 est
680 3890 877 3978 impossibile,
908 3889 990 3953 sicut
1020 3888 1229 3975 praediximus.

80 3998 277 4085 Impossibile
298 4006 348 4063 est
369 4020 444 4085 ergo
466 4006 498 4062 et
525 3995 673 4084 Sophiam
695 4017 820 4082 passam
845 4014 915 4058 esse
936 3991 1004 4058 sine
1027 3991 1174 4058 Theleto:
1199 3999 1233 4055 et

78 4105 181 4171 soluta
195 4112 244 4171 est
258 4103 395 4190 ipsorum
409 4124 516 4166 rursus
530 4100 631 4166 omnis
645 4096 884 4185 argumentatio.

128 4303 139 4334 ²
155 4304 217 4352 Noa
234 4304 255 4352 is
272 4300 388 4351 included
402 4300 490 4348 within
507 4298 629 4358 brackets,
681 4293 744 4360 sibly
754 4295 796 4344 the
804 4294 937 4343 translator
949 4307 1006 4356 may
1018 4291 1081 4340 bave
1092 4290 1191 4336 written
1204 4289 1231 4346 lt,

78 4401 107 4434 as
134 4385 229 4447 having
254 4384 317 4432 been
340 4380 453 4445 supplied
480 4379 628 4443 arbitrarily,
682 4379 775 4442 having
792 4377 850 4426 read
867 4380 948 4440 trappa
963 4375 1018 4438 παρ’
1029 4375 1117 4435 ἑτέρου,
1137 4369 1234 4418 instead

78 4467 176 4530 though
188 4466 217 4514 oi
224 4465 355 4529 necessity,
368 4465 402 4529 by
414 4464 630 4512 Frussnrmms
681 4464 711 4512 of
718 4463 761 4512 the
772 4461 920 4510 accusative.
1225 4527 1229 4533 .

127 4549 208 4597 1'l'he
219 4547 320 4597 Cultu.
333 4546 391 4596 MS.
404 4547 494 4596 inserts
505 4545 542 4594 ab.
573 4545 633 4593 Pos·
731 4544 803 4594 ¹01..
816 4545 867 4592 sine
877 4543 929 4590 ullo
939 4541 1046 4605 perhaps
1058 4541 1113 4586 daeo
1123 4553 1192 4585 roos.

182 4656 255 4701 von.
275 4656 295 4700 1.
1088 4627 1132 4690 18
