2954 4986
551 373 763 426 PRAEFnrlo.
1216 365 1235 424 5

82 535 131 604 καί
150 535 191 603 σὺ
207 534 326 617 μαθὼν
344 533 439 618 αὐτὰ,
467 542 552 606 πᾶσι
576 546 647 612 τοῖς
665 533 751 618 μετά
778 565 840 606 σου
868 534 997 633 φανερὰ
1016 541 1161 631 ποιήσῃς,
1180 537 1234 606 καί

83 649 281 744 παραινέσης
300 649 411 722 αὐτοῖς
427 645 644 745 φυλάξασθαι
672 647 732 718 τόν
751 646 874 735 ιβυθόν
892 656 950 729 τῆς
968 649 1085 733 ἀνοίας,
1106 650 1159 719 καί
1177 657 1234 731 της

83 762 124 834 είς
139 757 300 856 Χριστόν
320 755 401 864 [Im.
415 753 519 863 Θεόν]
533 761 769 858 βλασφημίας.
794 760 873 842 Καὶ,
890 760 993 836 καθὼς
1011 760 1140 845 δύναμις
1152 766 1233 845 ἡμῖν,

82 875 139 953 τήν
158 903 198 943 τε
218 873 350 962 γνώμην
369 872 474 941 αιίτῶν
492 877 558 944 τῶν
577 878 629 941 νῦν
654 870 976 969 παραδιόασκόντων,
1004 874 1094 965 λέγω
1115 873 1235 956 θητῶν

82 983 158 1080 περὶ
178 982 409 1066 Πτολεμαῖον,
428 981 641 1067 ’ἀπάνθισμα
660 981 838 1066 orionus-519
857 985 1080 1055 Οὐαλεντίνου
1097 993 1234 1081 σχολῆς,

83 1096 252 1176 συντόμως
282 1095 336 1164 καί
368 1099 486 1194 σαφῶς
515 1096 784 1186 ἀπαγγελοῦμεν,
814 1095 866 1166 καί
900 1095 1058 1195 ἀφορμάς
1088 1097 1236 1181 όῶσομεν

82 1205 171 1277 κατὰ
199 1207 260 1288 τὴν
289 1207 450 1304 ἡμετέραν
477 1208 695 1305 μετριότητα,
725 1206 809 1305 πρός
837 1206 880 1278 τὸ
908 1209 1104 1308 ἀνατρέπειν
1127 1211 1234 1294 acirim,

84 1319 260 1388 ἀλλόκοτα
291 1318 345 1388 καί
378 1315 577 1417 ἀνάρμοστα
611 1323 655 1412 τῇ
685 1319 820 1411 ἀληθείᾳ
850 1318 1078 1399 ἐπιδεικνύντες
1112 1321 1156 1394 τά
1183 1323 1235 1392 ὑπ’

85 1432 192 1501 αὐτῶν
221 1431 398 1520 λεγόμενα,
423 1435 508 1514 μήτε
538 1428 754 1530 συγγράφειν
789 1434 976 1516 εἰθισμένοι,
1009 1438 1093 1516 μήτε
1123 1436 1237 1527 λόγων

84 1543 206 1638 τέχνην
229 1544 415 1625 ἠσκηκότες·
442 1540 575 1635 ἀγάπης
595 1541 630 1613 δὲ
655 1547 736 1626 ἡμᾶς
756 1546 1028 1642 προτρεπομένης
1047 1548 1104 1616 σοί
1124 1549 1236 1619 τεκαὶ

40 1684 41 1689 ’
86 1658 172 1725 πᾶσι
199 1665 270 1729 τοῖς
292 1651 378 1736 μετά
404 1686 466 1725 σου
492 1657 629 1738 μηνύσοι
654 1653 699 1726 πά
723 1657 823 1753 μέχρι
847 1655 906 1738 μὲν
928 1662 980 1727 νῦν
1007 1662 1235 1756 3κεκρυμμένα,

86 1765 143 1849 »idn
171 1765 206 1836 di
237 1764 324 1836 κατὰ
352 1767 413 1848 την
444 1764 543 1864 χάριν
579 1773 642 1838 τοῦ
675 1767 763 1837 Θεοῦ
794 1770 836 1842 είς
868 1768 1013 1868 φανερόν
1048 1771 1236 1851 ἐληλυθότα

86 1876 290 1970 διδάγματα·
318 1875 408 1947 οὐδὲν
438 1876 506 1977 γάρ
538 1881 611 1950 ε’στι
637 1880 885 1963 κεκαλυμμένον,
913 1881 932 1951 ὃ
959 1883 1013 1950 οὐκ
1038 1882 1238 1982 ἀποκαλυφ-

88 1997 236 2074 θήσεται,
263 1990 317 2061 καί
334 1989 491 2087 κρυπτὸν,
513 1991 587 2062 bol
606 1996 848 2082 γνωσθήσεται.

86 2181 277 2246 cognoscens
294 2182 341 2236 es,
361 2159 507 2224 omnibus
524 2159 582 2238 his,
602 2160 743 2244 quisunt
760 2167 875 2234 tecum,
893 2161 1061 2226 manifesta
1077 2161 1185 2237 facins,
1205 2169 1239 2226 et

87 2259 252 2345 praeoipius
268 2259 313 2323 eis
330 2260 498 2322 observare
514 2281 581 2323 seu
597 2260 752 2343 profundo
772 2259 1001 2338 insensationis,
1020 2268 1053 2324 et
1073 2262 1149 2345 ejus,
1168 2284 1238 2345 quae

88 2368 136 2423 est
154 2359 186 2422 in
207 2358 324 2438 Deum,
340 2357 628 2442 blasphemationis.
656 2359 701 2423 Et
719 2370 872 2444 quantum
888 2360 978 2424 nobis
992 2359 1118 2424 virtutis
1135 2360 1237 2435 adest,

87 2459 280 2522 sententiam
303 2458 452 2542 ipsorum,
471 2457 524 2542 qui
548 2479 631 2522 nunc
653 2458 737 2523 uliud
762 2459 888 2537 docent,
907 2459 977 2523 dico
994 2468 1102 2523 nutem
1119 2481 1238 2532 eorum,

89 2559 142 2642 qui
166 2566 242 2621 sunt
263 2557 349 2620 circa
364 2556 587 2628 Ptolemaeum,
606 2580 677 2642 quae
701 2571 749 2622 est
771 2559 858 2622 velut
875 2558 1055 2623 ⁴llosculum
1074 2557 1239 2623 Valentini

88 2658 213 2731 scholae,
224 2655 447 2740 compendiose
463 2664 497 2720 et
514 2657 680 2721 manifeste
697 2659 908 2731 ostendemus,
925 2668 958 2723 et
976 2659 1045 2722 aliis
1062 2658 1240 2723 occasiones

90 2757 233 2821 dabimus
249 2756 421 2818 secundum
436 2764 578 2820 nostram
597 2757 847 2821 mediocritatem
871 2760 912 2822 sd
938 2759 1143 2822 evertendum
1159 2781 1239 2833 eam,

90 2878 152 2919 non
179 2855 311 2930 stantis,
342 2876 443 2938 neque
470 2862 548 2940 aptn
574 2856 702 2922 veritati
730 2857 933 2922 ostendentes
960 2880 1007 2929 es,
1034 2881 1105 2943 quae
1135 2858 1175 2922 ab
1203 2858 1241 2921 iis

90 2955 257 3018 dicuntur:
284 2975 386 3038 neque
409 2954 606 3019 conscribere
623 2956 773 3028 consueti,
792 2978 893 3041 neque
911 2957 964 3040 qui
981 2979 1161 3019 sermonum
1178 2957 1241 3020 arti

89 3054 317 3119 studuerimus:
361 3051 530 3118 dilectione
570 3063 677 3118 sutem
713 3077 770 3118 nos
807 3056 1009 3127 adhortante,
1043 3063 1077 3119 et
1117 3054 1176 3118 tibi
1208 3063 1242 3118 et

89 3154 245 3233 omnibus,
261 3153 315 3237 qui
338 3159 414 3216 sunt
436 3161 551 3226 tecum,
571 3154 784 3231 manifestare,
803 3176 873 3238 quae
897 3175 995 3237 usque
1021 3154 1124 3217 adhuc
1150 3162 1243 3217 erant

90 3255 261 3328 absconsos,
292 3255 360 3339 jam
393 3265 502 3316 sutem
528 3254 700 3317 secundum
727 3253 865 3338 gretiam
897 3251 958 3317 Dei
984 3253 1015 3316 in
1042 3252 1243 3317 manifestum

91 3361 246 3417 venerunt
259 3352 412 3417 doctrinae
429 3351 578 3435 ipsorum.
630 3353 726 3416 Nihil
738 3353 818 3416 enlm
835 3363 876 3417 est
890 3362 1066 3438 coopertum
1085 3353 1167 3438 qnod
1183 3375 1244 3417 ιιου

91 3450 361 3536 manifestaturam
382 3461 410 3514 ct
422 3451 504 3514 nihil
520 3454 703 3528 absconsum,
722 3453 802 3537 quod
815 3475 875 3517 ιιυιι
892 3464 1085 3537 coynoscotur.

93 3604 122 3651 bs
133 3604 259 3664 rendered,
278 3606 296 3629 “
304 3603 377 3651 Have
390 3604 485 3667 purged
497 3605 539 3652 the
550 3605 644 3652 brain.”
695 3617 732 3666 35,
745 3608 783 3667 38.
793 3608 939 3666 ἀπόνθισμα,
953 3609 977 3655 in
986 3608 1090 3657 allusion
1097 3609 1206 3673 possibly
1216 3613 1244 3657 to

93 3684 199 3744 Foedus,
213 3693 326 3732 emuncta
336 3684 413 3743 κακία,
430 3685 451 3732 is
465 3701 480 3732 a
491 3685 592 3748 psrnllel
603 3701 643 3732 ex·
693 3688 736 3734 the
747 3688 935 3748 fructifiostsbm
951 3690 979 3737 os
995 3690 1184 3749 VnmtnrmUffi
1200 3691 1244 3739 the

93 3768 201 3830 pression
213 3768 238 3814 in
251 3768 372 3826 Hosion,
382 3766 432 3814 and
439 3766 569 3815 Mnssunn
580 3782 644 3814 com·
693 3768 761 3815 word
773 3773 924 3830 καρποφορία
934 3786 984 3817 mes
995 3771 1135 3835 commonly
1145 3771 1244 3834 applied

92 3862 163 3910 pares
174 3847 216 3895 the
227 3848 288 3896 lines
299 3849 326 3895 in
337 3848 474 3896 Pnnunns:
693 3849 728 3911 by
735 3849 777 3897 the
788 3850 905 3898 Gnostics
914 3851 938 3897 in
947 3851 990 3898 the
998 3867 1068 3899 sense
1079 3852 1108 3900 ol
1120 3855 1138 3878 “
1146 3867 1243 3900 emans-

94 3948 112 3969 “
125 3945 206 3993 Immo
221 3947 297 3993 etism
315 3947 440 3994 cerebrum
458 3962 556 4009 quoque
572 3962 646 3995 omne
694 3934 745 3981 live
756 3935 906 3984 0V0l¹¹l50¹1=”

158 4028 264 4090 eapite
275 4028 395 4076 mummi
406 4044 497 4087 meum,
744 4014 754 4046 ³
772 4016 892 4080 Compare
910 4019 952 4066 the
968 4018 1194 4081 Philosophorum,
1209 4019 1243 4069 vi.

126 4107 194 4155 Nam
209 4109 293 4156 omnia
308 4108 439 4156 malefacta
453 4113 536 4156 vestm
550 4107 647 4171 repperi
695 4113 718 4162 9,
740 4100 820 4148 wilere
837 4101 880 4148 the
898 4100 977 4148 words
996 4101 1024 4147 of
1041 4101 1127 4149 51Μοὶῖ
1146 4102 1247 4150 MAGUB

157 4190 303 4239 radicitus?
695 4197 737 4229 ars
747 4181 871 4240 recorded,
893 4183 952 4230 “cn
964 4185 1033 4230 ἔσται
1045 4184 1243 4244 έσφραγισμένον,

368 4254 520 4303 mituli-V·
536 4252 612 4304 1.61.
696 4264 859 4323 κεκρυμμένον,
886 4264 1067 4321 κεκαλυμμένον,
1094 4264 1198 4321 κείμενον
1224 4265 1248 4310 έν

143 4345 152 4377 ¹
170 4346 202 4394 In
220 4346 328 4394 allusion
344 4350 373 4395 to
391 4348 472 4406 Βυθός,
492 4349 536 4396 the
553 4352 608 4396 root
622 4346 651 4395 of
696 4346 731 4404 τῷ
747 4346 873 4406 οἱκητηρίῳ
890 4342 917 4393 οὗ
934 4346 949 4404 ἡ
965 4346 1017 4406 ῥίζα
1036 4347 1084 4391 τῶν
1102 4348 1164 4392 ὅλων
1182 4345 1247 4390 τεθε-

94 4428 138 4476 the
148 4428 310 4477 Valentiniun
322 4434 425 4492 system,
437 4446 457 4478 c.
474 4445 494 4478 1.
696 4427 838 4484 μελίωται,”
869 4426 901 4473 In
913 4427 955 4475 tho
967 4426 1076 4473 Cabbsla
1093 4425 1142 4473 *tm
1152 4435 1169 4453 ²
1179 4425 1236 4484 'rip’

144 4507 155 4539 ¹
172 4509 218 4558 See
236 4509 260 4557 1.
277 4511 293 4559 i.
312 4509 362 4557 sud
379 4511 412 4559 vi.
447 4510 485 4560 11.
498 4512 530 4560 iv.
544 4511 594 4560 snd
613 4510 646 4560 xl.
745 4507 1073 4557 ‘Fuscmomassneutsr
1086 4508 1246 4570 nominative,

96 4589 217 4655 Compare
227 4591 281 4640 also
292 4591 437 4641 Hmonns,
446 4591 538 4642 Philus.
548 4591 598 4641 v1.
608 4605 647 4656 29,
696 4591 778 4639 where
788 4605 826 4637 we
835 4589 924 4637 should
934 4592 1023 4651 expect
1027 4588 1150 4648 ficemduc.

1282 562 1334 601 mu
1344 563 1361 600 1.

1245 632 1368 642 *—

1257 3365 1368 3405 Mettus
