2954 4986
245 309 310 375 192
697 319 914 373 smonmm

77 503 130 590 1513·
138 503 155 587 ρ
163 503 229 587 gt}-
245 484 376 571 degredi
410 485 452 548 ad
482 482 643 556 inferiore,
679 489 713 546 ct
743 502 898 567 generare
928 478 1059 566 angelos
1089 485 1126 544 et
1160 486 1352 564 potestates,
1383 503 1424 545 ae.

103 576 206 681 {2555}
224 576 229 586 ’
246 586 360 671 quibus
389 589 423 649 ot
451 583 605 647 muudum
631 582 716 646 hunc
746 581 868 645 factum
897 578 990 646 dixit.
1044 578 1269 665 Posteaquam
1299 588 1398 644 eutem

79 683 412 772 -generavit
445 706 509 757 eos,
543 683 612 747 haeo
645 683 780 747 detenta
806 687 856 745 est
888 679 946 745 ab·
964 678 1041 764 ipsis
1074 687 1216 765 propter
1244 679 1398 752 invidiam,

246 783 397 870 quoniam
430 782 552 847 nollent
583 781 751 869 progenies
793 780 926 845 alterius
968 779 1136 864 cujusdam
1178 779 1290 865 putari
1329 803 1397 845 esse

247 883 357 970 Ipsum
379 883 465 948 euim
484 905 519 947 se
539 883 573 946 in
596 891 702 948 totum
725 881 909 967 ignoratum
934 881 975 945 ab
1001 879 1098 965 ipsis:
1125 879 1281 945 Ennoian
1299 889 1399 946 autem

246 986 315 1071 ejus
344 985 510 1048 detentam
534 983 575 1048 ab
601 981 649 1059 iis,
675 1004 746 1068 quae
769 982 811 1046 ab
832 1004 870 1046 ea
890 979 1012 1045 emissae
1034 989 1143 1045 essent
1160 988 1355 1065 potestates.
1371 991 1399 1046 et

246 1085 351 1172 angeli
361 1107 370 1159 ;
395 1090 429 1148 et
446 1105 571 1147 omnem
586 1081 812 1147 contumeliam
832 1083 873 1146 ab
895 1080 933 1144 iis
949 1102 1086 1165 passam,
1104 1080 1154 1145 uti
1177 1102 1245 1145 non
1263 1103 1400 1145 recurre

245 1193 298 1249 ret
327 1205 452 1248 sursum
478 1183 520 1246 ad
546 1203 637 1246 suum
670 1189 805 1267 patrem,
833 1202 933 1266 usque
960 1180 1041 1244 adeo
1068 1188 1107 1244 ut
1138 1188 1173 1245 et
1206 1180 1240 1244 in
1272 1203 1399 1266 corpore

246 1283 386 1347 humano
404 1281 631 1357 includeretur,
649 1289 683 1346 et
700 1304 759 1367 per
775 1280 892 1346 saecula
908 1279 1007 1345 veluti
1025 1280 1066 1345 de
1082 1301 1158 1345 vase
1174 1279 1210 1343 in
1227 1303 1287 1345 vas
1304 1288 1399 1346 trans

245 1382 401 1469 migraret
418 1381 451 1445 in
468 1382 573 1447 altera
590 1381 758 1447 muliebria
774 1403 919 1466 corpora.
972 1380 1087 1445 Fuisse
1104 1388 1307 1446 autemeam
1324 1391 1357 1447 et
1373 1381 1430 1445 ind

246 1482 301 1547 illa
319 1481 455 1559 Helena,
474 1489 607 1567 propter
633 1504 729 1567 quam
755 1480 930 1567 Trojanum
957 1488 1162 1546 contractum
1188 1488 1242 1546 est
1263 1482 1399 1558 bellum

326 1693 443 1773 Οὕτως
463 1702 543 1787 γοῦν
560 1695 622 1767 τὸν
640 1697 873 1796 ’Στησίχορον
893 1696 946 1769 διὰ
964 1703 1029 1769 τῶν
1046 1697 1133 1767 ἕπῶν
1152 1695 1464 1811 λοιδορῆσαντορῗ

248 1810 356 1893 αὐτὴν,
377 1807 438 1886 τὰς
457 1810 557 1906 ὄψεις
574 1812 799 1909 τυφλωθῆναι·
824 1807 913 1887 αὖθις
932 1808 975 1894 δὲ,
994 1810 1289 1894 μεταμεληθέντος
1307 1812 1454 1882 αὗτοῦ““

248 1922 301 1992 καὶ
335 1919 541 2021 γράψαντος
567 1919 629 1999 τὰς
660 1920 858 2012 παλινῳδίας
884 1925 916 1994 ἐν
945 1921 994 2000 αἶς
1026 1917 1165 2007 ὕμνησεν
1192 1923 1309 2008 αὐτὴν,
1332 1920 1401 1995 ἂνα-

247 2035 397 2130 βλέψαι.
452 2034 838 2119 Μετενσωματοομένην.
852 2089 860 2104 .
875 2089 883 2105 .

249 2257 447 2338 quapropter
470 2256 505 2316 et
533 2249 751 2315 Stesichorum
780 2274 838 2338 per
870 2250 1013 2318 earmina
1041 2250 1291 2319 maledicentem
1309 2276 1399 2331 eam,

248 2353 399 2417 orbatum
423 2350 540 2416 oculis:
568 2358 641 2436 post
668 2351 784 2416 deinde
810 2352 1023 2437 poenitentem
1049 2359 1084 2417 et
1112 2352 1312 2419 scribentem
1342 2376 1400 2427 ees,

248 2473 320 2536 quae
350 2458 507 2516 vocantur
534 2450 723 2536 palinodias,
753 2451 786 2515 in
815 2452 930 2538 quibus
959 2451 1155 2539 hymnizavit
1184 2475 1268 2532 eam,
1295 2476 1400 2519 rursus

248 2549 373 2616 vidisse.
426 2549 723 2638 Transmigrantem
739 2559 849 2617 autem
866 2574 937 2617 sam
955 2553 995 2617 de
1019 2574 1152 2637 corpore
1169 2551 1204 2615 in
1219 2575 1347 2639 corpus,
1364 2575 1399 2618 er

248 2671 286 2713 eo
304 2658 338 2715 et
355 2672 481 2735 semper
503 2650 729 2715 contumeliam
749 2651 971 2732 sustinentem,
987 2652 1036 2716 'in
1054 2651 1233 2717 novissimis
1255 2653 1401 2719 etiamin

247 2748 367 2813 fornice
383 2749 583 2834 prostitisse:
610 2760 644 2816 et
660 2750 744 2815 hano
761 2774 829 2817 esse
846 2751 1006 2838 perditem
1022 2774 1123 2817 ovem.
1175 2752 1431 2841 ⁸Quapropterd

248 2946 313 3007 κατ’
325 2947 412 3008 έκεῖνο
426 2952 526 3030 καιροῦ
539 2950 670 3031 γενομένῃ
683 2949 793 3031 Ἑλένη,
807 2950 943 3030 ένηῖκησεν
956 2950 985 3009 έν
997 2950 1073 3031 αὐτῇ
1086 2948 1234 3021 η’έτίνοια,
1250 2952 1295 3009 καὶ
1316 2953 1401 3012 οὕτως

248 3046 349 3103 recola
361 3043 592 3126 έπιδικαζομένιαν
605 3045 693 3114 oriris
707 3048 764 3104 τόν
775 3045 918 3127 ε’ξοοσιιῖν,
933 3044 1036 3105 στᾶσις
1050 3045 1094 3104 xrrl
1108 3045 1233 3119 πόλεμος
1247 3046 1401 3122 ἐπανέστη,

247 3141 276 3202 έν
297 3139 336 3201 οἷς
353 3141 444 3220 έφάνη
461 3142 566 3202 ἔθνεσιν
570 3189 641 3203 ......
645 3142 805 3223 ’Ὕστερον
821 3141 870 3202 έτῖ
887 3168 921 3202 τε
941 3141 1008 3202 τοδε
1027 3142 1180 3222 [τούτοις]
1200 3141 1230 3201 έν
1250 3143 1332 3224 Τύριρ
1353 3147 1401 3214 τῆς

248 3237 374 3303 Φοινίκης
405 3237 487 3297 πόλει
518 3240 630 3313 στῆναι,
659 3236 692 3306 ἤν
716 3237 869 3315 κατελθιέν,
902 3236 987 3319 εὗρεν.
1037 3238 1104 3297 'Errl
1127 3239 1185 3319 γιέρ
1213 3237 1268 3308 την
1297 3239 1401 3308 ταύτης

249 3331 365 3409 τρεέτην
389 3333 507 3411 ζήτησιν
526 3334 581 3411 ἔφη
604 3333 840 3414 παραγεγονέναι,
863 3333 939 3393 ὅπως
959 3334 1081 3413 ῥέσηται
1101 3335 1190 3405 cirris
1210 3339 1268 3394 τᾶν
1288 3336 1400 3409 δεσμεῖν,

248 3425 281 3494 ἢν
310 3426 527 3504 λυτρωσάμενος
547 3429 606 3499 ἅμα
630 3428 724 3509 {accpi
751 3431 879 3511 περιῆγε,
906 3429 1025 3508 φάσκων
1045 3433 1136 3490 τοῦτο
1165 3429 1233 3490 εἶναι
1253 3431 1401 3491 &rotunde

247 3518 478 3598 sparistarum-c.
494 3523 540 3585 19.

305 3689 329 3728 e·
372 3667 465 3726 ...ὖτιῗ
483 3676 541 3727 τῶν
559 3668 689 3744 α’γγέλιον
709 3671 753 3728 καὶ
774 3673 832 3730 ταῖν
853 3670 932 3731 κάτω
954 3672 1095 3754 έξονσιιίν,
1110 3679 1137 3734 αι’
1157 3674 1201 3733 καὶ
1222 3674 1276 3734 rob
1288 3674 1400 3748 κόσμον,

248 3761 343 3839 φησὶν,
363 3761 607 3833 inciacum-eo.
624 3765 670 3827 19.
711 3766 780 3827 Vld.
794 3768 943 3830 Tmuuuu.
957 3773 991 3832 de
1004 3769 1061 3830 An.
1076 3793 1101 3832 c.
1115 3770 1165 3832 34.

296 3953 306 3985 ¹
324 3954 479 4006 Stesichorus
500 3974 552 4007 was
570 3976 586 4008 a
609 3959 708 4008 Siciliae
728 3965 787 4024 poet
793 3976 800 4020 ;
847 3961 910 4021 tion,
919 3962 967 4012 but
976 3963 1339 4027 theyareseatteredinrnncb
1347 3980 1400 4014 oon·

247 4038 334 4086 struck
348 4038 418 4087 blind
429 4040 468 4088 sor
478 4042 522 4090 the
535 4041 650 4105 assigned
662 4041 755 4090 offense
766 4042 801 4106 by
848 4041 945 4103 lirnium
955 4060 989 4093 no
995 4049 1067 4108 great
1073 4045 1206 4111 ingenuity
1212 4047 1356 4097 howeveria
1365 4063 1400 4095 re·

247 4116 336 4167 Castor
357 4119 408 4168 and
430 4121 529 4183 Pollux,
550 4122 600 4171 and
621 4122 801 4187 subsequently
848 4125 936 4190 quired
947 4131 974 4175 to
985 4127 1280 4191 romengethedr'n'cctc
1290 4130 1399 4179 umbra

246 4201 481 4266 restoredtosight.
897 4205 909 4239 ⁸
926 4208 959 4256 In
980 4208 1142 4258 Turonom
1163 4212 1343 4274 argrimum
1363 4213 1401 4260 rel

296 4281 695 4349 ’derepertrlrotrccrexpresses
702 4287 800 4350 though
849 4290 924 4348 αὐτὴν
945 4291 994 4338 τῶν
1013 4292 1166 4348 ἐτικειμένων
1187 4293 1345 4355 ἐλευθερῶσαι
1366 4294 1399 4340 δε-

246 4363 401 4430 imperlectly
412 4367 455 4415 the
464 4367 539 4415 Latin
557 4367 704 4416 translation
719 4368 746 4415 ι’νι
759 4383 799 4415 no
848 4371 923 4430 σμῶν,
936 4373 976 4419 rol
987 4372 1036 4420 τοῖς
1047 4372 1178 4434 ἀνθρώποις
1186 4374 1226 4422 aa
1234 4375 1278 4433 τῆς
1289 4376 1321 4423 εἰς
1331 4375 1402 4422 αὑτὸν

246 4444 351 4495 urentis
367 4447 446 4497 σίααι.
482 4447 653 4496 Ennomus
674 4464 799 4512 preservea
848 4451 1000 4512 ἐπιγνώσεως
1011 4454 1283 4517 ταρασχεΐνσιοτηρέσι.
1300 4454 1399 4503 Tuon.

247 4526 740 4590 manyofhuteecherssentenoerinthis
747 4545 797 4579 see-
847 4530 916 4580 Hoer.
929 4532 989 4583 Fut.
1004 4545 1023 4582 1.
1040 4548 1060 4583 r.
