2954 4986
75 494 226 535 milzini.

83 542 129 581 uls.
139 541 156 579 1.
167 542 225 579 uili.

100 590 178 673 usis.
186 634 203 673 1.

108 681 167 719 xxiv.
176 683 194 718 4.

240 303 305 369 200
718 316 908 373 ussrnrnrs

240 492 274 547 et
303 488 413 569 partes
442 481 502 547 sibi
532 481 643 548 fecisse
670 489 776 559 terrie,
804 489 839 548 ct
868 503 978 548 earum
1008 502 1079 567 quae
1102 502 1202 566 super
1227 501 1298 546 eam
1319 485 1390 545 sunt

240 583 395 669 gentium.
446 582 526 648 Esse
543 591 652 648 sutem
668 582 842 669 prinoipem
860 583 1000 669 ipsorum
1019 603 1102 656 eum,
1126 581 1182 666 qui
1206 580 1232 644 J
1233 580 1392 644 udaeorum

241 690 375 769 putatur
401 705 469 748 esse
498 683 595 748 Deus.
648 683 709 748 'Et
735 682 884 770 quoniam
908 682 961 748 hic
982 681 1045 746 suis
1071 681 1264 756 hominibus,
1290 680 1393 744 idest

241 781 376 858 Judaeie,
394 783 494 848 voluit
519 782 675 869 subjicere
700 783 837 869 reliquas
858 790 982 870 gentes,
1007 782 1146 866 reliquos
1172 803 1286 846 omnes
1312 778 1394 865 prin·

241 883 327 968 cipes
344 890 456 948 contra
472 883 600 949 stetisse
616 883 645 948 ei
662 890 696 949 et
713 882 936 969 contraegisse.
988 881 1198 967 Quapropter
1214 888 1250 946 et
1267 880 1393 965 reliquae

241 984 448 1049 'resiluerunt
464 989 577 1069 gentes
593 984 661 1069 ejus
673 983 771 1070 genti.
796 983 970 1048 ³lnnatum
986 989 1095 1047 autem
1108 989 1143 1046 et
1160 980 1393 1045 innominatum

243 1082 386 1160 Patrem,
408 1082 568 1148 videntem
591 1083 803 1169 perditionem
827 1082 977 1168 ipsorum,
1001 1081 1122 1146 misisse
1144 1079 1392 1167 primogenitum

243 1181 318 1247 Nun
345 1204 447 1259 snum,
474 1191 509 1249 et
533 1182 618 1247 hunc
648 1205 716 1248 esee
742 1182 796 1268 qui
821 1182 940 1248 dieitur
967 1181 1121 1259 Christus,
1150 1180 1184 1245 in
1210 1180 1393 1244 libertatem

242 1281 440 1348 credentium
465 1283 494 1348 ei
520 1304 540 1347 a
564 1289 727 1369 potestate
749 1304 859 1348 eorum
884 1281 939 1368 qui
964 1281 1119 1346 mundum
1145 1279 1392 1346 fabricaverunt.

243 1381 289 1447 Et
305 1381 456 1469 gentibue
473 1382 614 1468 ipsorum
630 1390 739 1448 autem
756 1381 957 1468 ⁴appuruisse
973 1403 1046 1446 eum
1062 1381 1096 1447 in
1116 1387 1208 1447 terra
1223 1379 1393 1451 hominem.

242 1498 277 1547 et
303 1483 440 1548 virtutes
469 1483 645 1569 perfecisse.
697 1482 923 1568 ‘Quapropter
947 1503 1051 1567 neque
1075 1501 1204 1567 passum
1228 1501 1315 1559 eum,
1340 1478 1394 1544 sed

244 1581 404 1647 Simonem
423 1584 581 1667 quendam
597 1583 785 1668 Cyrenarum
802 1582 1003 1668 angariatum
1017 1595 1163 1666 portasse
1182 1601 1312 1644 cmcem
1329 1581 1394 1665 ejus

242 1704 302 1768 pro
319 1705 377 1747 eo:
402 1689 437 1747 et
454 1683 537 1748 hunc
554 1683 726 1748 secundum
743 1681 957 1768 ignorantiam
975 1688 1006 1746 et
1032 1702 1174 1746 errorem
1195 1679 1391 1753 crucifixum,

242 1783 506 1869 transfiguratum
523 1784 564 1848 ab
582 1805 631 1858 eo,
649 1782 697 1846 nti
717 1790 886 1867 putaretur
904 1781 972 1868 ipse
993 1803 1061 1846 esse
1081 1779 1104 1844 J
1107 1802 1199 1844 esus:
1228 1787 1264 1844 et
1291 1780 1393 1865 ipsum

242 1893 351 1948 autem
368 1883 392 1947 J
394 1905 481 1947 esum
498 1883 633 1946 Simonis
650 1882 805 1967 accepisse
822 1882 967 1960 formem,
981 1889 1015 1947 et
1026 1888 1167 1946 stantem
1184 1878 1320 1943 irrisisse
1332 1901 1392 1943 eos.

243 1982 403 2058 Quoniam
429 1983 513 2046 enim
533 1982 649 2047 Virtus
669 1981 874 2068 incorporalis
900 1989 971 2047 erat
996 1988 1030 2046 et
1056 1979 1124 2044 Nus
1144 1979 1250 2045 innati
1274 1977 1392 2053 Patris,

242 2085 505 2170 transfiguratum
522 2082 788 2168 quemadmodum
805 2082 909 2156 vellet,
928 2089 963 2146 et
984 2080 1029 2146 sio
1052 2079 1231 2145 ascendisse
1253 2079 1297 2144 ad
1323 2099 1391 2142 eum

242 2185 296 2270 qui
325 2184 456 2248 miseret
479 2205 561 2262 eum,
586 2182 785 2247 deridentem
808 2204 871 2254 eos,
894 2203 966 2245 oum
996 2178 1099 2245 teneri
1123 2200 1188 2242 non
1215 2186 1337 2264 posset,
1360 2188 1391 2243 et

240 2284 402 2349 invisibilis
430 2290 512 2348 esset
554 2282 707 2347 omnibus.
759 2282 821 2346 ⁰Et
849 2281 1001 2346 liberatos
1030 2281 1129 2366 igitur
1157 2301 1212 2344 eos
1242 2278 1297 2364 qui
1325 2279 1391 2343 haeo

241 2385 344 2450 sciant
362 2407 382 2448 e.
399 2382 508 2459 mundi
524 2381 768 2447 fabricatoribus
784 2380 992 2466 principibus:
1019 2387 1054 2444 et
1070 2400 1134 2443 non
1151 2385 1304 2464 oportere
1321 2400 1392 2443 con·

241 2484 326 2548 fiteri
354 2505 426 2548 eum
451 2482 505 2568 qui
532 2483 575 2546 eit
605 2481 782 2557 crucifixus,
812 2481 869 2545 sed
892 2503 965 2544 eum
992 2479 1102 2565 quiin
1127 2477 1265 2542 hominis
1290 2478 1393 2542 forma

240 2584 373 2660 venerit,
393 2591 426 2646 et
443 2589 574 2667 putatus
591 2579 634 2646 sit
651 2580 828 2659 crucifixus,
846 2587 880 2645 et
897 2588 1028 2645 vocatus
1042 2579 1086 2644 sit
1102 2578 1127 2643 J
1129 2600 1209 2652 esus,
1228 2585 1264 2642 et
1280 2577 1392 2641 missus

241 2705 262 2747 a
279 2683 389 2758 Patre,
407 2682 455 2747 uti
473 2704 531 2767 per
548 2680 787 2766 dispositionem
807 2680 888 2744 huno
913 2702 1011 2766 opera
1032 2677 1141 2743 mundi
1162 2677 1392 2742 fabricatorum

241 2782 438 2847 dissolveret.
479 2780 514 2845 Si
532 2781 602 2867 quis
618 2778 727 2867 igitur,
746 2778 801 2855 sit,
817 2780 988 2844 confitetur
1004 2777 1201 2854 crucifixum,
1219 2776 1326 2842 adbuc
1342 2776 1391 2840 hic

240 2904 347 2948 servus
369 2887 430 2959 est,
458 2888 494 2947 et
518 2881 576 2946 sub
599 2887 761 2966 potestate
783 2901 893 2945 eorum
915 2878 970 2965 qui
992 2899 1127 2964 corpora
1147 2877 1313 2942 fecerunt:
1340 2875 1391 2961 qui

240 2991 350 3050 autem
371 2980 545 3069 negaverit,
567 2980 721 3045 liberatus
746 2986 796 3044 est
815 2979 944 3066 quidem
965 2979 1007 3044 ab
1029 2978 1079 3056 iis,
1099 2975 1263 3064 cognoscit
1285 2983 1390 3042 eutem

240 3082 481 3172 dispositionem
497 3078 601 3146 innati
620 3079 738 3145 Putris.

239 3321 316 3370 Latin
333 3318 446 3378 eoncord,
470 3318 492 3366 is
513 3315 654 3380 frequently
671 3312 790 3364 observed
835 3311 1004 3375 ρΙιαιιθαείαιιε.
1042 3310 1110 3361 Unde
1120 3309 1390 3361 ErffmmusHoem.

238 3401 264 3449 in
276 3402 319 3449 the
329 3400 484 3448 translation.
840 3407 879 3454 24,
892 3392 906 3451 ἓ
920 3407 942 3455 3,
955 3393 1006 3443 ait:
1023 3394 1100 3443 Αθτθι
1112 3394 1167 3457 περὶ
1183 3394 1299 3456 Χριστοῦ,
1313 3395 1343 3443 r'ur
1355 3396 1389 3442 do·

287 3481 297 3513 ¹
316 3481 461 3540 Βουληθέντι
483 3481 509 3528 δὲ
530 3480 609 3539 τούτῳ
630 3478 680 3527 τοΐι
699 3476 791 3527 οἰκείοις
838 3476 908 3534 κήτει
919 3475 1060 3536 πεφηνότος,
1075 3475 1160 3533 ὁμοίως
1172 3476 1274 3535 δοξάζει.
1287 3476 1387 3524 (lusan.

238 3566 336 3616 θποιντα
354 3564 471 3623 ὑποτάξαι
491 3563 524 3610 τὰ
544 3563 607 3620 ἔθνη,
631 3563 686 3610 ποθι
702 3562 790 3610 ἄλλους

238 3649 356 3710 θρχοντας
368 3645 567 3706 θντιπρθξασθαι.
601 3643 702 3692 Triton.
719 3643 788 3692 Iloer.

237 3728 267 3779 R
281 3741 300 3840 1¹
313 3746 457 3858 :redimat
468 3808 488 3857 is
502 3807 580 3856 found
590 3807 616 3856 in
628 3807 671 3856 the
678 3806 787 3867 Onasus,

236 3892 328 3952 Voss,
356 3890 406 3939 and
430 3890 508 3939 Psss.
532 3889 620 3949 Mes,
646 3888 789 3950 mumius,

237 3973 356 4023 (ἔωθε
366 3971 475 4035 reading,
490 3972 535 4020 has
549 3987 617 4020 more
631 3971 674 4019 the
686 3986 789 4035 appear·

236 4066 297 4100 auce
314 4050 342 4099 of
358 4067 374 4099 a
391 4049 513 4113 msrginnl
527 4049 600 4112 gloss.
638 4047 692 4097 'l'he
707 4048 790 4097 Greek

236 4134 378 4198 equisalent
385 4149 443 4197 may
450 4133 513 4181 have
522 4132 583 4180 been
592 4131 786 4190 θπανεπῆθησαν.

285 4213 296 4246 ⁸
313 4217 359 4264 ’θον
380 4217 406 4264 δὲ
423 4214 553 4275 ἀγέννητον
568 4214 648 4260 ταῦτα
665 4214 787 4272 θεώμενον,

235 4296 277 4347 τὸν
300 4298 451 4360 πρωτθγενον
473 4296 546 4344 αι’τοῦ
562 4295 616 4343 νοθν
633 4293 786 4352 ἀποστεῖλαι,

235 4380 262 4427 dr
277 4380 317 4427 καὶ
332 4375 650 4439 Χριστθντροσιτγθρευσεν.
685 4373 786 4422 Talon.

235 4457 253 4506 l.
281 4495 287 4508 .

266 4473 296 4568 ο*
318 4538 456 4589 wadum
483 4536 585 4601 speciem
615 4534 711 4597 scilicet
740 4535 789 4586 ειόε

887 3554 978 3616 Ὀὐχὶ
997 3555 1093 3614 Ἰησοῦν
1115 3556 1217 3616 φάσκων
1239 3557 1387 3613 πεπονθέναι,

839 3638 906 3686 ἀλλὰ
922 3638 1020 3696 Σίμωνα
1041 3635 1083 3686 τθν
1094 3638 1305 3698 Κυρηναῖον-καί
1320 3646 1390 3698 φησιν

839 3721 933 3781 erebo,
950 3722 974 3770 lv
985 3721 1021 3780 τῷ
1030 3721 1163 3783 βαστάζειν
1176 3720 1219 3770 τὸν
1230 3724 1340 3783 σταυρὸν,
1352 3739 1389 3781 με·

838 3804 1053 3864 τσμεμορφοιιιέναι
1064 3803 1097 3851 cfr
1111 3804 1154 3850 τοῦ
1169 3804 1257 3852 ἑαυτοῦ
1272 3806 1340 3863 εἶδος,
1353 3804 1389 3851 καθ

839 3885 924 3935 θαυτθν
946 3887 977 3935 etr
999 3884 1043 3935 τθν
1059 3886 1346 3944 Σίμωνα-ἐκείνου
1365 3886 1389 3934 ii

838 3968 1013 4029 στανρωμθνου,
1033 3967 1132 4026 ἑστήκει
1148 3968 1306 4030 κατθιτικρυς
1323 3967 1388 4028 θορθ·

839 4066 885 4098 ror
896 4049 1019 4109 θἸησοθι,
1031 4050 1176 4109 καταγελῶν
1186 4050 1236 4096 τῶν
1246 4049 1288 4097 τὸν
1296 4050 1389 4107 Elusus

838 4131 1011 4192 σταυροθιτων.
1048 4129 1181 4178 Errruan.
1194 4129 1211 4178 l.
1225 4145 1246 4179 c.

887 4209 898 4242 ⁶
915 4212 1008 4273 Χρῆναι
1019 4211 1045 4259 δὲ
1056 4213 1178 4260 πιστεύειν
1193 4212 1286 4273 ἔλεγεν,
1302 4214 1345 4260 oder
1360 4211 1391 4260 sis

838 4293 880 4342 τθν
896 4294 1081 4354 ἐσταυρωμένον,
1102 4292 1155 4342 ἀλλ’
1171 4294 1205 4342 cfr
1218 4295 1261 4342 τὸν
1274 4293 1390 4355 duranni

837 4374 895 4422 σθαι
907 4375 1020 4433 δόξαντα·
1032 4374 1095 4422 οὕτω
1105 4374 1155 4436 γάρ
1166 4381 1228 4435 φησι
1239 4375 1339 4423 δυνατὸν
1349 4374 1390 4432 τῆς

836 4456 885 4502 τῶν
893 4455 1044 4514 κασμοποιῶν
1055 4455 1194 4506 δυναστείαν
1205 4456 1387 4516 ermae-,tm

837 4535 1001 4589 Tarento.
