2954 4986
464 360 541 413 nux
567 361 645 415 uou
672 362 739 417 usu
765 363 874 417 arro.
1175 350 1241 418 337

1254 538 1406 582 mursano.

1265 585 1311 624 GR.
1320 585 1348 624 ll.
1358 585 1396 626 111.

524 654 626 720 OAP.
649 655 808 722 XXXV.
1270 631 1387 717 ”ssffll

90 803 278 894 Quoniam
294 807 492 882 secondom
504 808 639 905 Legem
654 836 767 908 oeque
783 808 972 906 imagines,
986 810 1243 908 ooqocflparo

165 920 337 998 meorum
354 924 608 999 Plooitodo'ois
631 925 807 1025 ipsorum,
834 924 898 1001 sed
923 952 989 1000 ooo
1003 927 1142 1025 fiqoro
1169 952 1242 1002 esso

157 1055 321 1142 possunt.

35 1226 66 1265 es.
88 1203 232 1267 Ersurn
257 1223 297 1266 ex
319 1202 398 1288 lege,
421 1201 573 1289 eligentes
594 1222 786 1287 quaecunque
808 1210 996 1267 concurrunt
1017 1211 1113 1268 sectae
1133 1224 1242 1268 eorum

86 1328 228 1383 numero,
245 1312 371 1370 tentant
385 1304 536 1370 violenter
551 1304 751 1390 probationes
765 1302 878 1368 facere.
916 1304 951 1368 Si
966 1312 1071 1370 autem
1086 1314 1155 1371 erat
1169 1328 1242 1393 pro-

86 1408 224 1494 positum
235 1407 334 1472 Matri
349 1428 466 1485 eorum,
482 1405 546 1470 sive
556 1405 720 1483 Salvatori,
736 1426 791 1491 per
800 1405 1008 1493 Demiurgum
1024 1415 1116 1493 typos
1133 1429 1241 1473 eorum

87 1535 158 1598 quae
184 1519 259 1575 sunt
282 1511 315 1573 in
331 1510 509 1574 Pleromate
533 1508 709 1585 ostendere,
732 1508 765 1571 in
784 1508 955 1573 verioribus
978 1518 1011 1574 et
1034 1511 1242 1577 sanctioribus

37 1640 68 1679 s.
86 1617 153 1681 fieri
168 1624 261 1702 typos
280 1615 413 1679 fuissent
434 1611 572 1698 operati:
597 1619 629 1676 et
643 1611 779 1675 maxime
794 1619 900 1676 autem
919 1611 952 1675 in
972 1612 1041 1698 ipsa
1055 1635 1128 1679 arca
1145 1621 1241 1679 teste·

86 1718 230 1798 menti,¹
236 1740 292 1804 per
311 1739 405 1804 quam
423 1724 456 1780 et
477 1736 569 1780 omne
588 1712 821 1778 tabernaculum
840 1715 1011 1780 testimonii
1034 1719 1241 1802 compositum

85 1831 145 1886 est.
185 1820 287 1885 Facta
307 1829 356 1884 est
373 1825 479 1883 autem
498 1817 577 1895 haec,
591 1815 754 1903 longitudo
769 1815 937 1901 quidem
909 1839 978 1902 eyus
992 1818 1106 1884 cubitis
1120 1820 1241 1884 duobus
1254 1847 1380 1933 psoram

86 1933 119 1989 et
141 1923 280 2002 dimidio,
295 1922 428 1987 latitudo
445 1929 552 1985 eutem
566 1922 635 2007 ejus
649 1941 711 1984 uno
726 1920 832 1985 cubito
846 1929 879 1985 et
902 1921 1040 2000 dimidio,
1055 1931 1088 1988 et
1109 1896 1282 1988 altitudo¹⁰

87 2027 194 2092 cubito
217 2048 280 2091 uno
303 2033 337 2091 et
359 2023 505 2089 dimidio:
529 2045 675 2088 numerus
692 2031 798 2088 autem
820 2023 880 2088 iste
906 2024 1111 2089 cubitorum
1102 2048 1135 2090 rn
1156 2027 1241 2092 nullo

85 2130 230 2197 convenit
244 2131 395 2217 figmento
410 2149 527 2206 eorum,
542 2149 705 2215 perquem
719 2127 855 2191 maxime
869 2135 962 2214 typus
982 2129 1104 2194 ostendi
1123 2130 1240 2197 debuit.

87 2235 132 2298 Et
153 2233 402 2320 propitiatorium
414 2240 519 2297 autem
534 2229 703 2295 similiter
694 2252 727 2294 ιιι
741 2228 824 2294 nullo
838 2229 983 2295 convenit
997 2231 1242 2317 expositionibus
1254 2252 1320 2342 ppos
1329 2263 1381 2293 nv
1472 2240 1475 2245 '

85 2359 204 2402 eorum.
259 2335 375 2401 Adhuc
403 2343 508 2400 autem
538 2341 571 2398 et
595 2355 704 2398 mensa
732 2333 952 2420 propositionis
980 2335 1101 2401 duobus
1129 2337 1241 2402 cubitis
1255 2356 1321 2397 suor-
1329 2368 1381 2398 xxv.

85 2440 259 2527 longitudo,
271 2439 408 2505 etunius
423 2437 520 2503 cubiti
535 2437 679 2514 latitudo,
690 2436 823 2501 altitudo
837 2445 943 2502 autem
955 2438 1023 2523 ejus
1036 2439 1128 2504 unius
1142 2403 1283 2505 οιιὶιίῖί23

86 2550 119 2607 et
134 2541 265 2607 dimidii.
311 2541 392 2605 Haec
407 2548 481 2605 ante
499 2546 610 2605 saneta
623 2547 813 2614 sanctorum,
829 2560 885 2624 per
899 2560 968 2626 quae
983 2561 1024 2605 ne
1038 2562 1101 2605 una
1115 2542 1241 2628 quidem

86 2645 246 2733 quantitas
266 2644 387 2708 numeri
404 2642 645 2729 significantiam
668 2642 922 2730 quaternationis,
937 2641 1002 2708 sive
1021 2645 1241 2727 octonationis,

85 2759 141 2814 aut
155 2748 265 2835 reliqui
284 2747 472 2813 Pleromatis
486 2769 594 2812 eorum
608 2747 758 2813 continet.
803 2745 886 2829 Quid
902 2754 1008 2812 autem
1023 2747 1241 2815 candelabrum
1251 2761 1379 2858 §tw

86 2857 224 2938 ²septem
240 2851 363 2938 quidem
383 2849 503 2915 habens
522 2850 713 2929 calamiscos,
727 2850 869 2916 lucernas
890 2857 996 2916 autem
1017 2854 1159 2938 septemt
1180 2853 1241 2919 etsi

86 2953 211 3042 quidem
225 2953 395 3018 secundnm
409 2961 519 3039 typum
530 2953 614 3016 facta
623 2952 764 3029 luissent,
775 2952 957 3017 calamiscos
966 2960 1038 3020 octo
1048 2954 1241 3040 totidemque

84 3053 227 3119 lucernas
243 3052 358 3117 habere
380 3051 497 3129 debuit,
512 3051 553 3116 ad
574 3060 684 3136 typum
705 3050 814 3135 primas
837 3051 1054 3129 octonetionis,
1074 3073 1143 3138 quae
1161 3075 1240 3137 prae·

83 3156 184 3242 fulget
209 3155 243 3218 in
268 3153 439 3232 AEonibus,
461 3162 494 3218 et
523 3152 677 3217 illuminat
702 3172 826 3215 omnem
850 3151 1084 3236 plenitudinem.
1128 3154 1402 3220 ³Atriasxor.mr.r.

83 3266 190 3322 autem
206 3257 312 3321 decem
328 3255 513 3320 exsistentia
527 3255 692 3340 diligenter
706 3262 952 3331 numeraverunt,
968 3262 1077 3340 typum
1086 3277 1124 3320 ea
1135 3256 1239 3322 dicen·

83 3370 133 3425 tos
141 3360 249 3424 decem
258 3359 422 3431 AEonum;
439 3357 535 3443 pelles
546 3365 651 3420 autem
659 3355 726 3440 jam
741 3376 804 3420 non
817 3366 1055 3422 numeraverunt
1068 3359 1239 3424 secundum
1252 3374 1402 3421 ssxoouvro.

83 3483 247 3527 nnmerum
261 3461 405 3526 undecim
419 3462 530 3526 factas.
567 3459 631 3524 Sed
644 3480 745 3544 neque
760 3458 898 3546 ipsorum
917 3460 1068 3526 atriorum
1082 3463 1238 3551 maguitu-

84 3565 190 3629 dinem
204 3563 304 3629 mensi
318 3572 402 3641 sunt,
417 3563 528 3650 viginti
543 3572 576 3628 et
595 3571 667 3628 octo
687 3561 862 3627 cubitorum
883 3562 1109 3650 longitudinem
1128 3588 1239 3631 unum·
1251 3580 1317 3620 Broc
1323 3581 1401 3620 noa

85 3667 229 3753 quodque
250 3666 366 3730 atrium
390 3668 520 3733 hebens.
565 3667 610 3731 Et
634 3665 847 3731 columnarum
873 3662 1098 3751 longitudinem
1122 3668 1238 3733 iactam

84 3771 194 3836 decem
210 3771 387 3837 cubitorum
408 3778 568 3857 exponunt
584 3778 711 3855 propter
725 3769 873 3835 decadem
888 3769 1044 3834 AEonum.
1088 3770 1237 3836 Lotitodo
1249 3783 1385 3869 ppetuu·

84 3883 188 3938 cotom
211 3874 303 3938 unios
326 3883 355 3938 ot
375 3874 504 3938 dimidii
526 3872 622 3938 coditi
645 3880 714 3937 crat
738 3871 975 3955 orrirrsoujosqoc
997 3871 1152 3951 colomna,
1174 3895 1238 3939 non

132 4074 142 4106 ¹
154 4076 192 4123 Δι’
203 4076 232 4135 ἣν
242 4082 427 4140 propterquam
439 4075 536 4124 reddero
547 4074 638 4124 mono-
686 4073 786 4121 bulthe
798 4071 911 4135 question
923 4076 950 4119 at
961 4076 1060 4133 present
1072 4071 1092 4119 is
1104 4076 1149 4119 not
1159 4071 1188 4119 of
1195 4072 1239 4120 tho

82 4164 115 4207 aet
125 4157 256 4220 Intopm.
282 4159 383 4207 Graan.
685 4156 770 4219 lights,
783 4152 1059 4203 butostheoalomisci.

130 4238 252 4302 'septem
292 4240 349 4287 Non
365 4246 450 4301 reprom
466 4237 507 4287 sed
522 4254 562 4287 rex
576 4239 637 4288 cala·
735 4235 835 4285 istria.
873 4236 980 4284 Gmcam
997 4233 1240 4285 cormeatlotnrlric

81 4321 172 4370 miecos
183 4321 256 4384 refert
267 4321 345 4369 Moror
358 4321 434 4371 Eoeod.
448 4337 507 4371 xxv.
523 4335 552 4381 32
564 4328 585 4369 ct
597 4335 635 4383 33,
685 4325 706 4367 et
720 4318 866 4380 paulopost
884 4323 968 4365 omero
985 4314 1100 4363 monim
1115 4313 1240 4376 Intcrpm

82 4402 223 4465 totirlcmquo
240 4402 362 4450 Irenaeum
380 4402 507 4464 scripsisse,
528 4402 638 4449 odrerso-
685 4395 1087 4460 cornl'olyulocortinossiruvola.
1098 4394 1235 4445 Msssunu.

81 4478 132 4527 tiro
148 4485 234 4528 autem
251 4478 353 4528 indicat.
371 4480 472 4527 (lunas.
508 4477 637 4526 Mussrm
685 4480 737 4528 Tho
754 4480 898 4527 Cnsauorrr
920 4477 970 4525 and
990 4477 1069 4526 Voss.
1094 4476 1170 4526 MSS.
1196 4493 1238 4525 aro

83 4563 187 4612 tockone
198 4562 241 4611 the
253 4561 347 4610 central
358 4561 423 4626 liglrt
434 4578 461 4610 es
473 4562 634 4622 theseventh,
685 4562 775 4624 clearly
788 4562 813 4609 in
825 4577 899 4619 error,
913 4559 1006 4621 having
1017 4557 1119 4607 ultorio.
