2954 4986
77 538 128 578 Lm.
136 539 227 578 ll.xxlv.

76 586 120 624 ott
132 586 159 623 11.
170 587 227 624 xxvi.

95 632 172 670 Mass.
184 633 211 670 ll.

108 679 165 715 xviii.
175 680 193 716 a

76 1569 112 1608 pp.
120 1560 150 1604 8⁵,
159 1568 181 1598 n.
189 1560 207 1598 9.

118 1607 149 1648 a),
158 1616 178 1644 n.
185 1609 204 1644 ὁ.

117 1654 147 1699 ⁴⁰,
156 1653 202 1698 md,
209 1652 226 1690 4.

76 1869 112 1908 pp.
120 1860 151 1904 to,
157 1860 186 1898 21.

243 351 311 415 314
524 443 526 446 ·
698 366 943 423 suuntur-:ste

244 510 382 596 Bythum
397 513 551 598 ipsorum:
568 514 695 578 AEonas
714 520 819 577 autem
841 514 874 577 in
894 536 943 591 eo,
959 513 1041 598 quod
1062 512 1147 577 suasi
1169 510 1235 576 sint
1257 510 1391 595 quoniam

243 616 466 704 investigabilis
479 625 528 681 est
544 617 596 701 qui
610 618 651 680 ab
665 616 711 681 cis
725 617 944 701 inquirebatur.
990 616 1069 681 Cum
1083 615 1182 702 igitur
1196 614 1266 698 ipsa
1282 612 1390 696 Enthy-

244 719 338 783 mesis
359 742 422 784 non
439 727 545 805 posset
568 720 635 783 sine
658 720 767 784 AEone
787 720 955 805 separatim
972 719 1151 794 consistere,
1175 717 1280 781 adbuc
1301 716 1392 799 majus

243 822 378 886 inferunt
400 823 595 888 mendacium
613 823 652 888 de
668 823 812 908 passione
831 824 908 907 ejus,
923 822 1091 908 separatim
1105 841 1216 885 rursus
1230 818 1393 884 dividentes

243 945 323 1001 eam,
340 931 373 987 et
386 924 467 989 hanc
481 945 550 989 esse
563 923 771 988 substantiam
785 923 924 988 dicentes
938 922 1087 987 materiae.
1126 921 1226 1004 Quasi
1240 942 1305 986 non
1319 930 1393 984 esset

244 1024 348 1089 lumen
364 1025 461 1103 Deus,
475 1047 532 1089 nec
546 1025 670 1088 adesset
687 1025 796 1089 Sermo
811 1024 863 1109 qui
875 1031 981 1109 posset
994 1044 1049 1088 eos
1062 1030 1250 1110 arguere,‚et
1265 1031 1393 1087 evertere

244 1130 414 1214 nequitiam
428 1129 572 1212 ipsorum.
606 1128 727 1212 Utique
741 1128 824 1192 cuim
839 1129 1042 1212 quodcunque
1055 1127 1214 1192 sentiebat
1225 1128 1329 1204 AEon,
1341 1127 1393 1191 hoo

243 1240 277 1295 et
291 1231 485 1316 patiebatur;
511 1241 544 1295 et
559 1232 641 1315 quod
655 1231 840 1316 patiebatur,
856 1232 916 1296 hoc
930 1242 963 1296 et
979 1231 1154 1295 sentiebat:
1182 1240 1216 1294 et
1235 1252 1301 1295 non
1319 1230 1394 1294 aliud

243 1341 310 1397 erat
335 1334 418 1418 apud
443 1355 497 1397 eos
521 1334 723 1417 Enthymesis
745 1335 822 1418 ejus,
846 1335 905 1398 nisi
931 1333 1033 1419 passio
1058 1333 1394 1418 incomprehensibilem

243 1435 504 1520 comprehendere
525 1436 744 1522 excogitantis,
771 1445 803 1500 et
824 1436 927 1522 passio
952 1435 1171 1521 Enthymesis:
1197 1435 1394 1520 impossibilia

243 1538 325 1602 enim
344 1538 509 1602 sentiebat.
530 1538 816 1619 ,Quemadmodum
838 1539 941 1620 itaque
962 1545 1083 1621 poterat
1097 1536 1224 1601 affectio
1245 1545 1280 1601 et
1300 1539 1394 1622 passio

242 1639 283 1702 ab
299 1639 484 1724 Enthymesi
499 1661 638 1704 seorsum
655 1639 801 1723 separari,
817 1647 850 1702 et
864 1638 1038 1702 substantia
1051 1644 1150 1701 tantae
1165 1638 1310 1702 materiae
1325 1637 1393 1713 fieri,

243 1741 367 1824 quando
383 1740 460 1829 ¹[et]
482 1741 550 1826 ipsa
572 1740 775 1825 Enthymesis
792 1739 895 1825 passio
916 1748 993 1815 erat,
1008 1746 1041 1803 et
1055 1739 1161 1823 passio
1176 1738 1395 1825 Enthymesis?

244 1845 275 1909 N
276 1865 312 1906 ec
324 1843 418 1929 igitur
434 1843 637 1927 Enthymesis
650 1843 717 1906 sine
729 1844 848 1917 AEone,
863 1863 921 1906 nec
935 1841 1114 1905 affectiones
1127 1840 1197 1905 sine
1214 1840 1395 1926 Enthymesi

242 1946 408 2031 separatim
424 1945 539 2009 habere
552 1952 682 2030 possunt
696 1943 919 2018 substantiam;
940 1951 973 2008 et
992 1941 1093 2007 solnta
1114 1949 1164 2007 est
1179 1950 1214 2007 et
1229 1942 1282 2008 hic
1296 1964 1395 2007 rursus

241 2049 348 2135 regula
362 2048 508 2133 ipsorum.

698 2259 798 2324 OAP.
822 2259 941 2324 XXV.

243 2417 428 2508 Quoniam
453 2445 565 2516 oeque
588 2416 744 2508 dissolvi,
770 2444 883 2516 neque
903 2416 993 2516 poti
1014 2420 1114 2492 AEou
1131 2431 1296 2517 poterat,
1316 2447 1393 2494 cunr

286 2550 371 2610 essct
387 2535 577 2634 spiritulia,
590 2550 622 2609 ot
640 2535 680 2609 iu
696 2534 753 2610 tis
769 2562 847 2634 quo
860 2534 999 2609 nictelia
1012 2547 1116 2609 eruut
1129 2562 1356 2613 conversans.

241 2708 522 2787 Quartanmonnu
560 2717 666 2772 autem
702 2717 735 2773 et
774 2708 950 2773 solvebatur
989 2716 1021 2772 et
1061 2708 1241 2793 patiebatur
1282 2712 1391 2776 AEonl

241 2810 399 2894 Siquidem
425 2811 563 2897 ejusdcm
586 2811 769 2874 substantiae
792 2811 881 2896 cujus
902 2818 935 2874 et
958 2810 1104 2875 Pleroma
1125 2819 1214 2887 erat3
1248 2814 1391 2880 Pleroma

237 2921 341 2977 autem
358 2912 532 2976 universum
548 2935 586 2977 ex
605 2913 711 2992 Patre.
756 2914 847 2994 Quod
869 2913 951 2977 enim
970 2912 1070 2977 simile
1089 2921 1148 2990 est,
1165 2913 1196 2977 iu
1220 2916 1315 2980 simili
1333 2939 1390 2982 non

238 3014 421 3079 dissolvetur
435 3015 468 3078 in
479 3015 608 3079 nihilum
623 3038 680 3080 nec
696 3015 794 3101 perire
808 3015 1039 3100 periclitabitur,
1054 3016 1110 3080 sed
1131 3018 1234 3103 magis
1252 3041 1390 3104 persero·

237 3122 320 3185 rabit
344 3131 377 3186 et
399 3130 566 3207 augescat,
598 3120 857 3205 quemadmodum
876 3119 957 3206 ignis
982 3119 1014 3182 in
1043 3119 1124 3205 igne,
1147 3128 1181 3184 et
1209 3121 1340 3207 spiritus
1360 3122 1389 3185 in

237 3225 358 3309 spiritu,
375 3233 407 3289 et
429 3246 511 3308 aqua
532 3225 564 3286 in
586 3245 685 3308 aqua:
710 3245 779 3306 quae
801 3230 907 3287 autem
926 3230 1000 3286 sunt
1014 3221 1179 3297 contraria,
1194 3245 1215 3287 a
1230 3225 1391 3289 contrariis

236 3326 405 3410 patiuntur,
421 3335 453 3390 et
467 3333 636 3403 vertuntur,
653 3333 685 3388 et
699 3323 954 3388 exterminantur.
987 3323 1032 3388 Et
1045 3323 1090 3388 sic
1105 3323 1131 3387 si
1147 3325 1259 3390 luisset
1269 3327 1391 3391 luminis

235 3427 369 3502 emissio,
401 3450 463 3490 non
489 3437 648 3512 pateretur
671 3450 728 3491 nec
758 3427 982 3512 periclitaretur
1011 3427 1042 3490 in
1071 3427 1165 3491 simili
1186 3427 1315 3508 lumine,
1338 3429 1390 3493 sed

235 3529 336 3615 magis
367 3530 581 3615 effulgeseeret
609 3539 642 3594 et
663 3538 854 3616 augesceret,
879 3531 1137 3614 quemadmodum
1159 3530 1227 3595 dies
1257 3553 1278 3595 a
1306 3532 1387 3596 sole:

234 3632 349 3696 etenim
365 3632 502 3718 Bythum
515 3633 681 3720 imaginem
692 3633 805 3719 ²patris
819 3633 866 3697 sui
881 3655 949 3698 esse
964 3633 1080 3697 dicunt.
1106 3633 1308 3719 Quaecunque
1319 3642 1389 3699 sunt

233 3739 395 3823 peregrina
415 3748 447 3804 et
465 3740 523 3804 sibi
544 3749 692 3804 extranea
713 3739 858 3803 animalia
878 3747 972 3823 atque
992 3739 1146 3804 contraria
1161 3744 1293 3804 ³natura
1312 3740 1389 3826 peri-

233 3839 379 3903 clitantur
391 3850 423 3904 et
438 3852 689 3928 corrumpuntur:
707 3864 776 3926 quae
788 3849 893 3906 antem
905 3842 963 3905 sibi
978 3850 1104 3906 assueta
1114 3850 1188 3905 sunt
1199 3851 1233 3905 et
1244 3850 1388 3928 cognata,

231 3940 349 4004 nullum
369 3944 529 4027 patiuntur
549 3945 718 4029 periculum
738 3943 769 4006 in
789 3966 826 4008 eo
848 3945 1071 4021 conversantia,
1090 3944 1145 4007 sed
1160 3952 1193 4007 et
1207 3944 1342 4010 salutem
1356 3953 1389 4009 et

231 4044 327 4108 vitam
344 4068 384 4109 ex
405 4069 443 4111 eo
463 4048 638 4132 acquimnt.
684 4047 718 4112 Si
738 4046 834 4133 igitur
848 4047 921 4127 ⁴[et]
938 4046 1077 4132 ejusdem
1095 4047 1282 4111 substantiae
1300 4049 1389 4133 cujus

279 4225 289 4256 ¹
315 4233 336 4274 ct
364 4227 385 4273 is
414 4226 518 4274 omitted
549 4227 575 4273 in
604 4226 647 4273 the
670 4226 779 4286 Onnum,
831 4226 974 4275 lentinians.
995 4226 1075 4290 Scep.
1090 4239 1169 4287 33‚u.
1185 4240 1214 4287 3:
1234 4241 1347 4288 43,n.r.

229 4308 346 4366 Asuun,
367 4307 455 4356 Mune.
470 4319 487 4354 1.
501 4306 550 4354 and
562 4306 641 4353 Voss.
655 4305 732 4354 MSS.
881 4307 997 4356 ’ἐναντία
1008 4311 1042 4369 τῇ
1052 4310 1130 4368 φύσει.
1154 4307 1326 4358 micanum.
1340 4310 1391 4358 and

278 4389 289 4418 ²
306 4389 390 4437 Putria
400 4389 447 4436 rui,
467 4388 567 4452 Sophia,
580 4389 676 4451 though
688 4404 703 4434 a
714 4389 781 4435 ferui-
832 4388 912 4436 Voss.
927 4390 1003 4438 MSS.
1017 4390 1193 4439 harenatum.

228 4470 286 4517 nine
305 4471 379 4528 AEon,
400 4487 450 4518 was
469 4471 522 4518 said
539 4476 565 4518 to
583 4470 614 4517 be
631 4471 674 4518 the
692 4471 738 4518 sire
755 4471 784 4517 ol
879 4470 891 4501 ⁴
907 4477 928 4517 ct
938 4471 959 4518 is
971 4470 1050 4518 added
1064 4471 1125 4518 lrom
1141 4472 1185 4519 the
1201 4473 1314 4522 Anun'n.
1329 4473 1387 4522 MS.

228 4551 397 4616 Enthymesis,
412 4570 433 4603 c.
447 4553 523 4601 xxvii.
537 4553 579 4601 the
594 4553 675 4601 Mater
688 4552 717 4600 of
730 4551 780 4598 Vs·
831 4554 852 4598 el
863 4554 904 4601 οὖν
915 4554 954 4601 rol
966 4553 1095 4611 ὁμωύσιος.
