<?xml version="1.0" encoding="UTF-8"?>
<!DOCTYPE html PUBLIC "-//W3C//DTD XHTML 1.0 Transitional//EN"
    "http://www.w3.org/TR/xhtml1/DTD/xhtml1-transitional.dtd">
<html xmlns="http://www.w3.org/1999/xhtml" xml:lang="en" lang="en">
 <head>
  <title>
</title>
<meta http-equiv="Content-Type" content="text/html;charset=utf-8" />
  <meta name='ocr-system' content='tesseract 3.04.00' />
  <meta name='ocr-capabilities' content='ocr_page ocr_carea ocr_par ocr_line ocrx_word'/>
</head>
<body>
  <div class='ocr_page' id='page_1' title='image "./sanctiirenaeiep01harvgoog_0239.png"; bbox 0 0 2954 4986; ppageno 0'>
   <div class='ocr_carea' id='block_1_1' title="bbox 250 331 975 394">
    <p class='ocr_par' dir='ltr' id='par_1_1' title="bbox 250 331 975 394">
     <span class='ocr_line' id='line_1_1' title="bbox 250 331 975 394; baseline -0.004 0"><span class='ocrx_word' id='word_1_1' title='bbox 250 331 295 394; x_wconf 85' lang='grc'><strong>30</strong></span> <span class='ocrx_word' id='word_1_2' title='bbox 678 341 774 394; x_wconf 81' lang='lat' dir='ltr'><strong>Hom</strong></span> <span class='ocrx_word' id='word_1_3' title='bbox 800 340 975 394; x_wconf 83' lang='lat' dir='ltr'>FUNCTIO.</span> 
     </span>
    </p>
   </div>
   <div class='ocr_carea' id='block_1_2' title="bbox 85 499 1476 2176">
    <p class='ocr_par' dir='ltr' id='par_1_2' title="bbox 85 499 1476 2176">
     <span class='ocr_line' id='line_1_2' title="bbox 97 499 1406 604; baseline -0.005 -29"><span class='ocrx_word' id='word_1_4' title='bbox 97 517 226 604; x_wconf 43' lang='lat' dir='ltr'><strong>{gild-⁶⁶</strong></span> <span class='ocrx_word' id='word_1_5' title='bbox 250 504 426 576; x_wconf 77' lang='grc' dir='ltr'>ἀκολουθεῖ</span> <span class='ocrx_word' id='word_1_6' title='bbox 456 534 524 586; x_wconf 86' lang='grc' dir='ltr'>μοι·</span> <span class='ocrx_word' id='word_1_7' title='bbox 551 503 611 586; x_wconf 74' lang='grc' dir='ltr'><strong>την</strong></span> <span class='ocrx_word' id='word_1_8' title='bbox 642 500 677 572; x_wconf 74' lang='grc' dir='ltr'><strong>δὲ</strong></span> <span class='ocrx_word' id='word_1_9' title='bbox 710 501 912 600; x_wconf 74' lang='grc' dir='ltr'>θιαριστικῖην</span> <span class='ocrx_word' id='word_1_10' title='bbox 942 501 1044 572; x_wconf 89' lang='grc' dir='ltr'>αύτοῦ</span> <span class='ocrx_word' id='word_1_11' title='bbox 1071 501 1104 568; x_wconf 84' lang='grc' dir='ltr'><strong>ἐν</strong></span> <span class='ocrx_word' id='word_1_12' title='bbox 1132 507 1181 588; x_wconf 76' lang='grc' dir='ltr'><strong>τῷ</strong></span> <span class='ocrx_word' id='word_1_13' title='bbox 1209 501 1320 569; x_wconf 76' lang='grc' dir='ltr'>εἰπεῖν·</span> <span class='ocrx_word' id='word_1_14' title='bbox 1351 499 1406 569; x_wconf 88' lang='grc' dir='ltr'><strong>ούκ</strong></span> 
     </span>
     <span class='ocr_line' id='line_1_3' title="bbox 85 609 1406 714; baseline -0.006 -26"><span class='ocrx_word' id='word_1_15' title='bbox 85 611 355 701; x_wconf 56' lang='lat' dir='ltr'><strong>Qrihdov</strong></span> <span class='ocrx_word' id='word_1_16' title='bbox 380 619 500 704; x_wconf 80' lang='grc' dir='ltr'>βαλεῖν</span> <span class='ocrx_word' id='word_1_17' title='bbox 527 619 657 714; x_wconf 74' lang='grc' dir='ltr'>εἰρήνην,</span> <span class='ocrx_word' id='word_1_18' title='bbox 687 612 777 685; x_wconf 77' lang='grc' dir='ltr'>ἀλλὰ</span> <span class='ocrx_word' id='word_1_19' title='bbox 803 612 983 712; x_wconf 79' lang='grc' dir='ltr'>μάχαιραν.</span> <span class='ocrx_word' id='word_1_20' title='bbox 1030 612 1101 682; x_wconf 79' lang='lat' dir='ltr'><strong>Kal</strong></span> <span class='ocrx_word' id='word_1_21' title='bbox 1122 610 1184 684; x_wconf 76' lang='grc' dir='ltr'><strong>τὸν</strong></span> <span class='ocrx_word' id='word_1_22' title='bbox 1202 609 1354 694; x_wconf 78' lang='grc' dir='ltr'>Ἰωάννην</span> <span class='ocrx_word' id='word_1_23' title='bbox 1372 609 1406 680; x_wconf 77' lang='grc' dir='ltr'><strong>δὲ</strong></span> 
     </span>
     <span class='ocr_line' id='line_1_4' title="bbox 249 724 1405 822; baseline -0.004 -22"><span class='ocrx_word' id='word_1_24' title='bbox 249 731 408 822; x_wconf 73' lang='grc' dir='ltr'>λέγουσιν</span> <span class='ocrx_word' id='word_1_25' title='bbox 436 727 520 800; x_wconf 80' lang='grc' dir='ltr'>αύτῦ</span> <span class='ocrx_word' id='word_1_26' title='bbox 544 734 649 800; x_wconf 89' lang='grc' dir='ltr'>τοῦτο</span> <span class='ocrx_word' id='word_1_27' title='bbox 678 729 894 810; x_wconf 80' lang='grc' dir='ltr'>μεμηνυκέναι,</span> <span class='ocrx_word' id='word_1_28' title='bbox 922 727 1071 797; x_wconf 78' lang='grc' dir='ltr'>εἰπόντα·</span> <span class='ocrx_word' id='word_1_29' title='bbox 1102 724 1146 796; x_wconf 78' lang='grc' dir='ltr'><strong>τὸ</strong></span> <span class='ocrx_word' id='word_1_30' title='bbox 1173 726 1280 796; x_wconf 91' lang='grc' dir='ltr'>πτύον</span> <span class='ocrx_word' id='word_1_31' title='bbox 1306 726 1338 793; x_wconf 82' lang='grc' dir='ltr'><strong>ἐν</strong></span> <span class='ocrx_word' id='word_1_32' title='bbox 1363 727 1405 816; x_wconf 72' lang='grc' dir='ltr'><strong>τῇ</strong></span> 
     </span>
     <span class='ocr_line' id='line_1_5' title="bbox 249 835 1406 941; baseline -0.007 -29"><span class='ocrx_word' id='word_1_33' title='bbox 249 842 337 941; x_wconf 79' lang='grc' dir='ltr'>χειρὶ</span> <span class='ocrx_word' id='word_1_34' title='bbox 358 843 466 924; x_wconf 87' lang='grc' dir='ltr'>αύτοῦ,</span> <span class='ocrx_word' id='word_1_35' title='bbox 484 841 537 912; x_wconf 87' lang='grc' dir='ltr'><strong>καῖ</strong></span> <span class='ocrx_word' id='word_1_36' title='bbox 559 840 763 939; x_wconf 78' lang='grc' dir='ltr'>διακαθαριεῖ</span> <span class='ocrx_word' id='word_1_37' title='bbox 777 841 838 922; x_wconf 76' lang='grc' dir='ltr'><strong>τὴν</strong></span> <span class='ocrx_word' id='word_1_38' title='bbox 863 835 982 922; x_wconf 79' lang='grc' dir='ltr'>ἅλωνα,</span> <span class='ocrx_word' id='word_1_39' title='bbox 1002 838 1056 908; x_wconf 87' lang='grc' dir='ltr'><strong>καῖ</strong></span> <span class='ocrx_word' id='word_1_40' title='bbox 1080 835 1210 931; x_wconf 80' lang='grc' dir='ltr'>συνάξει</span> <span class='ocrx_word' id='word_1_41' title='bbox 1229 837 1291 910; x_wconf 83' lang='grc' dir='ltr'><strong>τὸν</strong></span> <span class='ocrx_word' id='word_1_42' title='bbox 1309 848 1406 908; x_wconf 87' lang='grc' dir='ltr'>σῖτον</span> 
     </span>
     <span class='ocr_line' id='line_1_6' title="bbox 249 950 1406 1050; baseline -0.004 -26"><span class='ocrx_word' id='word_1_43' title='bbox 249 957 292 1032; x_wconf 79' lang='lat' dir='ltr'><strong>eir</strong></span> <span class='ocrx_word' id='word_1_44' title='bbox 314 955 374 1037; x_wconf 72' lang='grc' dir='ltr'><strong>τὴν</strong></span> <span class='ocrx_word' id='word_1_45' title='bbox 398 955 566 1037; x_wconf 75' lang='grc' dir='ltr'>ἀποθήκην</span> <span class='ocrx_word' id='word_1_46' title='bbox 585 954 694 1036; x_wconf 87' lang='grc' dir='ltr'>αύτοῦ,</span> <span class='ocrx_word' id='word_1_47' title='bbox 712 951 755 1024; x_wconf 81' lang='grc' dir='ltr'><strong>τὸ</strong></span> <span class='ocrx_word' id='word_1_48' title='bbox 776 950 811 1022; x_wconf 71' lang='lat' dir='ltr'><strong>dd</strong></span> <span class='ocrx_word' id='word_1_49' title='bbox 828 951 953 1050; x_wconf 78' lang='grc' dir='ltr'>ἄχυρον</span> <span class='ocrx_word' id='word_1_50' title='bbox 975 953 1172 1023; x_wconf 79' lang='grc' dir='ltr'>κατακαύσει</span> <span class='ocrx_word' id='word_1_51' title='bbox 1197 951 1274 1050; x_wconf 87' lang='grc' dir='ltr'>πυρῖ</span> <span class='ocrx_word' id='word_1_52' title='bbox 1301 951 1406 1037; x_wconf 78' lang='grc' dir='ltr'>ἀσβέ-</span> 
     </span>
     <span class='ocr_line' id='line_1_7' title="bbox 250 1063 1404 1163; baseline -0.006 -24"><span class='ocrx_word' id='word_1_53' title='bbox 250 1099 333 1158; x_wconf 84' lang='grc' dir='ltr'>στῳ·</span> <span class='ocrx_word' id='word_1_54' title='bbox 369 1068 422 1137; x_wconf 86' lang='grc' dir='ltr'><strong>καῖ</strong></span> <span class='ocrx_word' id='word_1_55' title='bbox 451 1064 503 1137; x_wconf 76' lang='lat' dir='ltr'><strong>did</strong></span> <span class='ocrx_word' id='word_1_56' title='bbox 531 1067 653 1137; x_wconf 86' lang='grc' dir='ltr'>τούτου</span> <span class='ocrx_word' id='word_1_57' title='bbox 677 1066 736 1148; x_wconf 69' lang='grc' dir='ltr'><strong>τὴν</strong></span> <span class='ocrx_word' id='word_1_58' title='bbox 764 1066 929 1163; x_wconf 75' lang='grc' dir='ltr'>ἐνέργειαν</span> <span class='ocrx_word' id='word_1_59' title='bbox 960 1070 1024 1135; x_wconf 88' lang='grc' dir='ltr'><strong>τοῦ</strong></span> <span class='ocrx_word' id='word_1_60' title='bbox 1046 1063 1158 1162; x_wconf 86' lang='grc' dir='ltr'>Ὅρον</span> <span class='ocrx_word' id='word_1_61' title='bbox 1187 1065 1404 1146; x_wconf 80' lang='grc' dir='ltr'>μεμηνυκέναι·</span> 
     </span>
     <span class='ocr_line' id='line_1_8' title="bbox 250 1175 1405 1277; baseline -0.003 -28"><span class='ocrx_word' id='word_1_62' title='bbox 250 1183 356 1251; x_wconf 81' lang='grc' dir='ltr'>πτύον</span> <span class='ocrx_word' id='word_1_63' title='bbox 391 1177 459 1277; x_wconf 76' lang='grc' dir='ltr'><strong>γὰρ</strong></span> <span class='ocrx_word' id='word_1_64' title='bbox 487 1181 605 1249; x_wconf 83' lang='grc' dir='ltr'>ἐκεῖνον</span> <span class='ocrx_word' id='word_1_65' title='bbox 633 1177 694 1249; x_wconf 82' lang='grc' dir='ltr'><strong>τὸν</strong></span> <span class='ocrx_word' id='word_1_66' title='bbox 726 1177 883 1276; x_wconf 83' lang='grc' dir='ltr'>Σπανρῦν</span> <span class='ocrx_word' id='word_1_67' title='bbox 914 1179 1137 1275; x_wconf 75' lang='grc' dir='ltr'>ἑρμηνεύουσιν</span> <span class='ocrx_word' id='word_1_68' title='bbox 1169 1175 1257 1259; x_wconf 78' lang='grc' dir='ltr'>εἶναι,</span> <span class='ocrx_word' id='word_1_69' title='bbox 1287 1177 1343 1247; x_wconf 80' lang='grc' dir='ltr'><strong>ιὃν</strong></span> <span class='ocrx_word' id='word_1_70' title='bbox 1369 1175 1405 1257; x_wconf 66' lang='lat' dir='ltr'><strong>dir</strong></span> 
     </span>
     <span class='ocr_line' id='line_1_9' title="bbox 251 1286 1403 1397; baseline -0.005 -35"><span class='ocrx_word' id='word_1_71' title='bbox 251 1287 304 1397; x_wconf 81' lang='lat' dir='ltr'><strong>[s</strong></span> <span class='ocrx_word' id='word_1_72' title='bbox 322 1301 343 1364; x_wconf 83' lang='lat' dir='ltr'><strong>l.</strong></span> <span class='ocrx_word' id='word_1_73' title='bbox 364 1286 430 1395; x_wconf 71' lang='lat' dir='ltr'><strong>dei]</strong></span> <span class='ocrx_word' id='word_1_74' title='bbox 461 1291 514 1361; x_wconf 85' lang='grc' dir='ltr'><strong>καῖ</strong></span> <span class='ocrx_word' id='word_1_75' title='bbox 547 1290 734 1361; x_wconf 82' lang='grc' dir='ltr'>ἆναλῖσκειυ</span> <span class='ocrx_word' id='word_1_76' title='bbox 764 1288 810 1361; x_wconf 74' lang='grc' dir='ltr'><strong>τὰ</strong></span> <span class='ocrx_word' id='word_1_77' title='bbox 842 1287 934 1360; x_wconf 81' lang='grc' dir='ltr'>ύλικᾶ</span> <span class='ocrx_word' id='word_1_78' title='bbox 967 1287 1087 1373; x_wconf 73' lang='grc' dir='ltr'>πάντα,</span> <span class='ocrx_word' id='word_1_79' title='bbox 1120 1292 1161 1364; x_wconf 73' lang='grc' dir='ltr'><strong>αἷς</strong></span> <span class='ocrx_word' id='word_1_80' title='bbox 1189 1287 1298 1387; x_wconf 75' lang='grc' dir='ltr'>ἄχυρα</span> <span class='ocrx_word' id='word_1_81' title='bbox 1330 1295 1403 1387; x_wconf 88' lang='grc' dir='ltr'>πῦρ·</span> 
     </span>
     <span class='ocr_line' id='line_1_10' title="bbox 249 1400 1405 1504; baseline -0.003 -30"><span class='ocrx_word' id='word_1_82' title='bbox 249 1405 416 1502; x_wconf 77' lang='grc' dir='ltr'>καθαίρειν</span> <span class='ocrx_word' id='word_1_83' title='bbox 434 1401 466 1473; x_wconf 77' lang='lat' dir='ltr'><strong>di</strong></span> <span class='ocrx_word' id='word_1_84' title='bbox 486 1403 562 1479; x_wconf 85' lang='grc' dir='ltr'>τούς</span> <span class='ocrx_word' id='word_1_85' title='bbox 580 1402 791 1504; x_wconf 75' lang='grc' dir='ltr'>σωζομένους,</span> <span class='ocrx_word' id='word_1_86' title='bbox 811 1406 851 1480; x_wconf 79' lang='lat' dir='ltr'><strong>cic</strong></span> <span class='ocrx_word' id='word_1_87' title='bbox 869 1400 912 1474; x_wconf 79' lang='grc' dir='ltr'><strong>τὸ</strong></span> <span class='ocrx_word' id='word_1_88' title='bbox 927 1403 1032 1473; x_wconf 90' lang='grc' dir='ltr'>πτύον</span> <span class='ocrx_word' id='word_1_89' title='bbox 1049 1401 1112 1473; x_wconf 76' lang='grc' dir='ltr'><strong>τὸν</strong></span> <span class='ocrx_word' id='word_1_90' title='bbox 1126 1411 1232 1473; x_wconf 88' lang='grc' dir='ltr'>σῖτον.</span> <span class='ocrx_word' id='word_1_91' title='bbox 1265 1401 1405 1471; x_wconf 86' lang='grc' dir='ltr'>Παῦλον</span> 
     </span>
     <span class='ocr_line' id='line_1_11' title="bbox 250 1513 1406 1598; baseline -0.003 -12"><span class='ocrx_word' id='word_1_92' title='bbox 250 1514 286 1586; x_wconf 69' lang='lat' dir='ltr'><strong>di</strong></span> <span class='ocrx_word' id='word_1_93' title='bbox 313 1515 375 1587; x_wconf 81' lang='grc' dir='ltr'><strong>τὸν</strong></span> <span class='ocrx_word' id='word_1_94' title='bbox 400 1515 627 1587; x_wconf 86' lang='grc' dir='ltr'>Ἀπόσπολον</span> <span class='ocrx_word' id='word_1_95' title='bbox 654 1517 707 1586; x_wconf 86' lang='grc' dir='ltr'><strong>καῖ</strong></span> <span class='ocrx_word' id='word_1_96' title='bbox 735 1513 834 1586; x_wconf 81' lang='grc' dir='ltr'>αύτῦν</span> <span class='ocrx_word' id='word_1_97' title='bbox 867 1516 1161 1598; x_wconf 77' lang='grc' dir='ltr'>ε’πιμιμνὴσκεσθαι</span> <span class='ocrx_word' id='word_1_98' title='bbox 1193 1516 1317 1585; x_wconf 86' lang='grc' dir='ltr'>τούτου</span> <span class='ocrx_word' id='word_1_99' title='bbox 1344 1521 1406 1586; x_wconf 90' lang='grc' dir='ltr'><strong>τοῦ</strong></span> 
     </span>
     <span class='ocr_line' id='line_1_12' title="bbox 250 1625 1405 1727; baseline -0.001 -28"><span class='ocrx_word' id='word_1_100' title='bbox 250 1628 407 1727; x_wconf 83' lang='grc' dir='ltr'>Σταυροῦ</span> <span class='ocrx_word' id='word_1_101' title='bbox 431 1629 589 1719; x_wconf 76' lang='grc' dir='ltr'>λέγουσιν</span> <span class='ocrx_word' id='word_1_102' title='bbox 614 1626 725 1705; x_wconf 77' lang='grc' dir='ltr'>οὕτως·</span> <span class='ocrx_word' id='word_1_103' title='bbox 755 1631 773 1698; x_wconf 87' lang='grc' dir='ltr'>ὁ</span> <span class='ocrx_word' id='word_1_104' title='bbox 798 1629 905 1720; x_wconf 78' lang='grc' dir='ltr'>λόγος</span> <span class='ocrx_word' id='word_1_105' title='bbox 927 1625 995 1725; x_wconf 77' lang='grc' dir='ltr'><strong>γὰρ</strong></span> <span class='ocrx_word' id='word_1_106' title='bbox 1025 1630 1044 1697; x_wconf 88' lang='grc' dir='ltr'>ὁ</span> <span class='ocrx_word' id='word_1_107' title='bbox 1068 1633 1131 1698; x_wconf 89' lang='grc' dir='ltr'><strong>τοῦ</strong></span> <span class='ocrx_word' id='word_1_108' title='bbox 1160 1633 1311 1725; x_wconf 87' lang='grc' dir='ltr'>σταυροῦ</span> <span class='ocrx_word' id='word_1_109' title='bbox 1335 1639 1405 1703; x_wconf 84' lang='grc' dir='ltr'>τοῖς</span> 
     </span>
     <span class='ocr_line' id='line_1_13' title="bbox 250 1737 1405 1840; baseline 0 -30"><span class='ocrx_word' id='word_1_110' title='bbox 250 1739 309 1823; x_wconf 76' lang='grc' dir='ltr'><strong>μὲν</strong></span> <span class='ocrx_word' id='word_1_111' title='bbox 328 1741 571 1823; x_wconf 77' lang='grc' dir='ltr'>ἀπολλυμένοις</span> <span class='ocrx_word' id='word_1_112' title='bbox 586 1743 693 1839; x_wconf 79' lang='grc' dir='ltr'>μωρία</span> <span class='ocrx_word' id='word_1_113' title='bbox 713 1741 797 1822; x_wconf 87' lang='grc' dir='ltr'>ε’σπῖ,</span> <span class='ocrx_word' id='word_1_114' title='bbox 814 1750 886 1816; x_wconf 87' lang='grc' dir='ltr'>τοῖς</span> <span class='ocrx_word' id='word_1_115' title='bbox 904 1737 939 1808; x_wconf 69' lang='lat' dir='ltr'><strong>di</strong></span> <span class='ocrx_word' id='word_1_116' title='bbox 961 1738 1158 1840; x_wconf 74' lang='grc' dir='ltr'>σωζομένοις</span> <span class='ocrx_word' id='word_1_117' title='bbox 1181 1743 1255 1822; x_wconf 80' lang='grc' dir='ltr'>ἡμῖν</span> <span class='ocrx_word' id='word_1_118' title='bbox 1277 1738 1405 1822; x_wconf 78' lang='grc' dir='ltr'>δύναμις</span> 
     </span>
     <span class='ocr_line' id='line_1_14' title="bbox 251 1851 1405 1947; baseline 0 -25"><span class='ocrx_word' id='word_1_119' title='bbox 251 1854 349 1924; x_wconf 84' lang='grc' dir='ltr'>Θεοῦ·</span> <span class='ocrx_word' id='word_1_120' title='bbox 395 1854 448 1924; x_wconf 86' lang='grc' dir='ltr'><strong>καῖ</strong></span> <span class='ocrx_word' id='word_1_121' title='bbox 467 1851 580 1924; x_wconf 79' lang='grc' dir='ltr'>πάλιν·</span> <span class='ocrx_word' id='word_1_122' title='bbox 608 1855 679 1936; x_wconf 87' lang='grc' dir='ltr'>ε’μοῖ</span> <span class='ocrx_word' id='word_1_123' title='bbox 702 1851 737 1922; x_wconf 73' lang='lat' dir='ltr'><strong>di</strong></span> <span class='ocrx_word' id='word_1_124' title='bbox 750 1853 794 1935; x_wconf 73' lang='grc' dir='ltr'><strong>μὴ</strong></span> <span class='ocrx_word' id='word_1_125' title='bbox 815 1855 949 1945; x_wconf 77' lang='grc' dir='ltr'>γε’νοιτο</span> <span class='ocrx_word' id='word_1_126' title='bbox 967 1854 1000 1921; x_wconf 78' lang='grc' dir='ltr'><strong>ἐν</strong></span> <span class='ocrx_word' id='word_1_127' title='bbox 1021 1851 1131 1935; x_wconf 77' lang='grc' dir='ltr'>μηθενῖ</span> <span class='ocrx_word' id='word_1_128' title='bbox 1154 1855 1354 1947; x_wconf 81' lang='grc' dir='ltr'>καυχᾶσθαι,</span> <span class='ocrx_word' id='word_1_129' title='bbox 1378 1856 1405 1922; x_wconf 87' lang='grc' dir='ltr'>εῖ</span> 
     </span>
     <span class='ocr_line' id='line_1_15' title="bbox 249 1963 1476 2065; baseline 0 -31"><span class='ocrx_word' id='word_1_130' title='bbox 249 1966 294 2049; x_wconf 73' lang='grc' dir='ltr'><strong>μὴ</strong></span> <span class='ocrx_word' id='word_1_131' title='bbox 316 1967 349 2034; x_wconf 79' lang='grc' dir='ltr'><strong>ἐν</strong></span> <span class='ocrx_word' id='word_1_132' title='bbox 370 1968 420 2056; x_wconf 74' lang='grc' dir='ltr'><strong>τῷ</strong></span> <span class='ocrx_word' id='word_1_133' title='bbox 443 1974 577 2065; x_wconf 79' lang='grc' dir='ltr'>σταυρῷ</span> <span class='ocrx_word' id='word_1_134' title='bbox 594 1971 658 2037; x_wconf 89' lang='grc' dir='ltr'><strong>τοῦ</strong></span> <span class='ocrx_word' id='word_1_135' title='bbox 676 1966 796 2048; x_wconf 91' lang='grc' dir='ltr'>Ἰησοῦ,</span> <span class='ocrx_word' id='word_1_136' title='bbox 817 1963 855 2035; x_wconf 75' lang='grc' dir='ltr'><strong>δι’</strong></span> <span class='ocrx_word' id='word_1_137' title='bbox 881 1966 922 2036; x_wconf 84' lang='grc' dir='ltr'><strong>οῦ</strong></span> <span class='ocrx_word' id='word_1_138' title='bbox 940 1964 1012 2047; x_wconf 68' lang='grc' dir='ltr'>ἐμοὶ</span> <span class='ocrx_word' id='word_1_139' title='bbox 1036 1966 1161 2048; x_wconf 90' lang='grc' dir='ltr'>κόσμος</span> <span class='ocrx_word' id='word_1_140' title='bbox 1186 1967 1402 2063; x_wconf 79' lang='grc' dir='ltr'>ἐσταύρωται,</span> <span class='ocrx_word' id='word_1_141' title='bbox 1415 1976 1476 2016; x_wconf 49' lang='lat'><strong>⁰³⁹*</strong></span> 
     </span>
     <span class='ocr_line' id='line_1_16' title="bbox 180 2075 1403 2176; baseline 0 -28"><span class='ocrx_word' id='word_1_142' title='bbox 180 2127 183 2132; x_wconf 90' lang='lat'>-</span> <span class='ocrx_word' id='word_1_143' title='bbox 248 2077 342 2169; x_wconf 75' lang='grc' dir='ltr'><strong>κᾷγὼ</strong></span> <span class='ocrx_word' id='word_1_144' title='bbox 355 2081 405 2167; x_wconf 78' lang='grc' dir='ltr'><strong>τῷ</strong></span> <span class='ocrx_word' id='word_1_145' title='bbox 418 2079 543 2168; x_wconf 85' lang='grc' dir='ltr'>κόσμῳ.</span> <span class='ocrx_word' id='word_1_146' title='bbox 581 2078 734 2150; x_wconf 86' lang='grc' dir='ltr'>Τοιαῦτα</span> <span class='ocrx_word' id='word_1_147' title='bbox 746 2075 872 2161; x_wconf 78' lang='grc' dir='ltr'>μὲνοῦν</span> <span class='ocrx_word' id='word_1_148' title='bbox 886 2078 961 2176; x_wconf 86' lang='grc' dir='ltr'>περῖ</span> <span class='ocrx_word' id='word_1_149' title='bbox 975 2083 1038 2149; x_wconf 86' lang='grc' dir='ltr'><strong>τοῦ</strong></span> <span class='ocrx_word' id='word_1_150' title='bbox 1051 2079 1275 2175; x_wconf 82' lang='grc' dir='ltr'>πληρώματος</span> <span class='ocrx_word' id='word_1_151' title='bbox 1290 2079 1403 2160; x_wconf 83' lang='grc' dir='ltr'>αύτῶν,</span> 
     </span>
    </p>
   </div>
   <div class='ocr_carea' id='block_1_3' title="bbox 248 2183 1405 2296">
    <p class='ocr_par' dir='ltr' id='par_1_3' title="bbox 248 2183 1405 2296">
     <span class='ocr_line' id='line_1_17' title="bbox 248 2183 1405 2296; baseline -0.01 -36"><span class='ocrx_word' id='word_1_152' title='bbox 248 2190 302 2260; x_wconf 85' lang='grc' dir='ltr'><strong>καῖ</strong></span> <span class='ocrx_word' id='word_1_153' title='bbox 323 2196 386 2261; x_wconf 89' lang='grc' dir='ltr'><strong>τοῦ</strong></span> <span class='ocrx_word' id='word_1_154' title='bbox 406 2189 611 2274; x_wconf 82' lang='grc' dir='ltr'>πλάσματος</span> <span class='ocrx_word' id='word_1_155' title='bbox 633 2187 754 2266; x_wconf 78' lang='grc' dir='ltr'>πάντες</span> <span class='ocrx_word' id='word_1_156' title='bbox 775 2187 816 2296; x_wconf 83' lang='lat' dir='ltr'><strong>[l.</strong></span> <span class='ocrx_word' id='word_1_157' title='bbox 836 2196 899 2262; x_wconf 92' lang='grc' dir='ltr'><strong>τοῦ</strong></span> <span class='ocrx_word' id='word_1_158' title='bbox 920 2183 1066 2293; x_wconf 76' lang='grc' dir='ltr'>πάντας]</span> <span class='ocrx_word' id='word_1_159' title='bbox 1090 2191 1257 2281; x_wconf 78' lang='grc' dir='ltr'>λέγουσιν,</span> <span class='ocrx_word' id='word_1_160' title='bbox 1281 2192 1405 2289; x_wconf 62' lang='grc' dir='ltr'>’ἐφαρ</span> 
     </span>
    </p>
   </div>
   <div class='ocr_carea' id='block_1_4' title="bbox 83 2408 1405 3791">
    <p class='ocr_par' dir='ltr' id='par_1_4' title="bbox 83 2408 1405 3791">
     <span class='ocr_line' id='line_1_18' title="bbox 84 2408 1402 2496; baseline -0.005 -17"><span class='ocrx_word' id='word_1_161' title='bbox 84 2439 215 2479; x_wconf 55' lang='lat' dir='ltr'><strong>maxa.</strong></span> <span class='ocrx_word' id='word_1_162' title='bbox 249 2431 288 2474; x_wconf 88' lang='lat' dir='ltr'><strong>eo</strong></span> <span class='ocrx_word' id='word_1_163' title='bbox 306 2410 391 2494; x_wconf 92' lang='lat' dir='ltr'><strong>quod</strong></span> <span class='ocrx_word' id='word_1_164' title='bbox 407 2409 506 2474; x_wconf 87' lang='lat' dir='ltr'><strong>dicit:</strong></span> <span class='ocrx_word' id='word_1_165' title='bbox 524 2411 599 2475; x_wconf 79' lang='lat' dir='ltr'><strong>Noa</strong></span> <span class='ocrx_word' id='word_1_166' title='bbox 608 2412 803 2476; x_wconf 76' lang='grc' dir='ltr'>υιιιῖιιιῖιιινι</span> <span class='ocrx_word' id='word_1_167' title='bbox 813 2432 933 2495; x_wconf 75' lang='lat' dir='ltr'><strong>parent,</strong></span> <span class='ocrx_word' id='word_1_168' title='bbox 946 2409 1156 2496; x_wconf 72' lang='lat' dir='ltr'><strong>rodploda&#39;am.</strong></span> <span class='ocrx_word' id='word_1_169' title='bbox 1185 2408 1230 2473; x_wconf 87' lang='lat' dir='ltr'><strong>Et</strong></span> <span class='ocrx_word' id='word_1_170' title='bbox 1242 2409 1267 2472; x_wconf 89' lang='lat' dir='ltr'><strong>J</strong></span> <span class='ocrx_word' id='word_1_171' title='bbox 1268 2431 1402 2473; x_wconf 89' lang='lat' dir='ltr'><strong>oannem</strong></span> 
     </span>
     <span class='ocr_line' id='line_1_19' title="bbox 84 2509 1404 2594; baseline 0.001 -21"><span class='ocrx_word' id='word_1_172' title='bbox 84 2533 136 2574; x_wconf 71' lang='lat' dir='ltr'><strong>aue.</strong></span> <span class='ocrx_word' id='word_1_173' title='bbox 145 2534 177 2573; x_wconf 81' lang='lat' dir='ltr'><strong>m</strong></span> <span class='ocrx_word' id='word_1_174' title='bbox 187 2535 215 2578; x_wconf 87' lang='grc' dir='ltr'><strong>ιι.</strong></span> <span class='ocrx_word' id='word_1_175' title='bbox 249 2509 360 2574; x_wconf 89' lang='lat' dir='ltr'><strong>dieunt</strong></span> <span class='ocrx_word' id='word_1_176' title='bbox 376 2510 436 2574; x_wconf 91' lang='lat' dir='ltr'><strong>hoc</strong></span> <span class='ocrx_word' id='word_1_177' title='bbox 451 2510 553 2594; x_wconf 87' lang='lat' dir='ltr'><strong>ipsum</strong></span> <span class='ocrx_word' id='word_1_178' title='bbox 571 2510 799 2584; x_wconf 80' lang='lat' dir='ltr'><strong>manifestasse,</strong></span> <span class='ocrx_word' id='word_1_179' title='bbox 817 2511 995 2575; x_wconf 84' lang='lat' dir='ltr'><strong>dicentem:</strong></span> <span class='ocrx_word' id='word_1_180' title='bbox 1027 2509 1235 2572; x_wconf 68' lang='lat' dir='ltr'><strong>Vectihrbram</strong></span> <span class='ocrx_word' id='word_1_181' title='bbox 1256 2509 1292 2574; x_wconf 81' lang='lat' dir='ltr'><strong>a&#39;a</strong></span> <span class='ocrx_word' id='word_1_182' title='bbox 1308 2531 1404 2574; x_wconf 82' lang='lat' dir='ltr'><strong>manu</strong></span> 
     </span>
     <span class='ocr_line' id='line_1_20' title="bbox 248 2608 1403 2696; baseline 0.001 -24"><span class='ocrx_word' id='word_1_183' title='bbox 248 2608 321 2692; x_wconf 82' lang='grc' dir='ltr'>ιηίιε,</span> <span class='ocrx_word' id='word_1_184' title='bbox 337 2609 503 2674; x_wconf 76' lang='lat' dir='ltr'><strong>emandare</strong></span> <span class='ocrx_word' id='word_1_185' title='bbox 517 2631 631 2686; x_wconf 82' lang='lat' dir='ltr'><strong>aream,</strong></span> <span class='ocrx_word' id='word_1_186' title='bbox 648 2618 676 2672; x_wconf 81' lang='lat' dir='ltr'><strong>ct</strong></span> <span class='ocrx_word' id='word_1_187' title='bbox 691 2609 807 2696; x_wconf 53' lang='lat' dir='ltr'><strong>colliget</strong></span> <span class='ocrx_word' id='word_1_188' title='bbox 814 2609 1013 2694; x_wconf 76' lang='lat' dir='ltr'><strong>framentum</strong></span> <span class='ocrx_word' id='word_1_189' title='bbox 1030 2610 1065 2673; x_wconf 83' lang='grc' dir='ltr'><strong>ιἰι</strong></span> <span class='ocrx_word' id='word_1_190' title='bbox 1081 2609 1221 2672; x_wconf 78' lang='lat' dir='ltr'><strong>horream</strong></span> <span class='ocrx_word' id='word_1_191' title='bbox 1232 2630 1330 2683; x_wconf 82' lang='grc' dir='ltr'>ειιιιιιι,</span> <span class='ocrx_word' id='word_1_192' title='bbox 1344 2631 1403 2692; x_wconf 85' lang='lat' dir='ltr'><strong>po·</strong></span> 
     </span>
     <span class='ocr_line' id='line_1_21' title="bbox 249 2707 1404 2794; baseline 0 -23"><span class='ocrx_word' id='word_1_193' title='bbox 249 2713 312 2771; x_wconf 80' lang='lat' dir='ltr'><strong>leae</strong></span> <span class='ocrx_word' id='word_1_194' title='bbox 328 2719 428 2772; x_wconf 80' lang='lat' dir='ltr'><strong>actem</strong></span> <span class='ocrx_word' id='word_1_195' title='bbox 441 2707 589 2773; x_wconf 73' lang='lat' dir='ltr'><strong>coactaret</strong></span> <span class='ocrx_word' id='word_1_196' title='bbox 605 2709 673 2794; x_wconf 74' lang='grc' dir='ltr'><strong>ἱροί</strong></span> <span class='ocrx_word' id='word_1_197' title='bbox 685 2709 949 2794; x_wconf 73' lang='grc' dir='ltr'>ιἰιαυιιιάηιιῖθῖίῖ;</span> <span class='ocrx_word' id='word_1_198' title='bbox 968 2719 1002 2774; x_wconf 89' lang='lat' dir='ltr'><strong>et</strong></span> <span class='ocrx_word' id='word_1_199' title='bbox 1015 2731 1072 2793; x_wconf 91' lang='lat' dir='ltr'><strong>per</strong></span> <span class='ocrx_word' id='word_1_200' title='bbox 1083 2707 1168 2772; x_wconf 84' lang='lat' dir='ltr'><strong>³haec</strong></span> <span class='ocrx_word' id='word_1_201' title='bbox 1185 2708 1404 2792; x_wconf 78' lang='lat' dir='ltr'><strong>operationem</strong></span> 
     </span>
     <span class='ocr_line' id='line_1_22' title="bbox 250 2805 1405 2893; baseline 0.001 -24"><span class='ocrx_word' id='word_1_202' title='bbox 250 2805 333 2870; x_wconf 91' lang='lat' dir='ltr'><strong>Hori</strong></span> <span class='ocrx_word' id='word_1_203' title='bbox 351 2807 550 2893; x_wconf 86' lang='lat' dir='ltr'><strong>significasse.</strong></span> <span class='ocrx_word' id='word_1_204' title='bbox 579 2807 804 2873; x_wconf 87' lang='lat' dir='ltr'><strong>Ventilabrum</strong></span> <span class='ocrx_word' id='word_1_205' title='bbox 818 2808 901 2873; x_wconf 93' lang='lat' dir='ltr'><strong>enim</strong></span> <span class='ocrx_word' id='word_1_206' title='bbox 914 2808 991 2872; x_wconf 92' lang='lat' dir='ltr'><strong>illud</strong></span> <span class='ocrx_word' id='word_1_207' title='bbox 1007 2829 1132 2873; x_wconf 86' lang='lat' dir='ltr'><strong>crucem</strong></span> <span class='ocrx_word' id='word_1_208' title='bbox 1149 2807 1405 2892; x_wconf 88' lang='lat' dir='ltr'><strong>interpretantur</strong></span> 
     </span>
     <span class='ocr_line' id='line_1_23' title="bbox 248 2906 1403 2991; baseline 0.002 -22"><span class='ocrx_word' id='word_1_209' title='bbox 248 2928 325 2980; x_wconf 76' lang='lat' dir='ltr'><strong>esee,</strong></span> <span class='ocrx_word' id='word_1_210' title='bbox 358 2929 428 2990; x_wconf 86' lang='lat' dir='ltr'><strong>quae</strong></span> <span class='ocrx_word' id='word_1_211' title='bbox 457 2907 578 2973; x_wconf 85' lang='lat' dir='ltr'><strong>scilicet</strong></span> <span class='ocrx_word' id='word_1_212' title='bbox 602 2909 758 2974; x_wconf 77' lang='lat' dir='ltr'><strong>consumit</strong></span> <span class='ocrx_word' id='word_1_213' title='bbox 784 2908 963 2973; x_wconf 86' lang='lat' dir='ltr'><strong>materialia</strong></span> <span class='ocrx_word' id='word_1_214' title='bbox 989 2906 1105 2981; x_wconf 81' lang='lat' dir='ltr'><strong>omnia,</strong></span> <span class='ocrx_word' id='word_1_215' title='bbox 1136 2907 1403 2991; x_wconf 89' lang='lat' dir='ltr'><strong>quemadmodum</strong></span> 
     </span>
     <span class='ocr_line' id='line_1_24' title="bbox 248 3005 1404 3093; baseline -0.001 -23"><span class='ocrx_word' id='word_1_216' title='bbox 248 3006 356 3090; x_wconf 87' lang='lat' dir='ltr'><strong>paleae</strong></span> <span class='ocrx_word' id='word_1_217' title='bbox 385 3006 485 3093; x_wconf 85' lang='lat' dir='ltr'><strong>ignis:</strong></span> <span class='ocrx_word' id='word_1_218' title='bbox 513 3008 666 3073; x_wconf 88' lang='lat' dir='ltr'><strong>emundat</strong></span> <span class='ocrx_word' id='word_1_219' title='bbox 695 3016 805 3074; x_wconf 87' lang='lat' dir='ltr'><strong>autem</strong></span> <span class='ocrx_word' id='word_1_220' title='bbox 835 3030 888 3072; x_wconf 87' lang='lat' dir='ltr'><strong>coe</strong></span> <span class='ocrx_word' id='word_1_221' title='bbox 919 3008 973 3093; x_wconf 91' lang='lat' dir='ltr'><strong>qui</strong></span> <span class='ocrx_word' id='word_1_222' title='bbox 999 3009 1171 3079; x_wconf 87' lang='lat' dir='ltr'><strong>salvantur,</strong></span> <span class='ocrx_word' id='word_1_223' title='bbox 1197 3005 1280 3071; x_wconf 85' lang='lat' dir='ltr'><strong>sicut</strong></span> <span class='ocrx_word' id='word_1_224' title='bbox 1303 3007 1404 3071; x_wconf 86' lang='lat' dir='ltr'><strong>venti-</strong></span> 
     </span>
     <span class='ocr_line' id='line_1_25' title="bbox 247 3104 1403 3193; baseline 0.001 -24"><span class='ocrx_word' id='word_1_225' title='bbox 247 3104 373 3170; x_wconf 88' lang='lat' dir='ltr'><strong>labmm</strong></span> <span class='ocrx_word' id='word_1_226' title='bbox 390 3108 544 3172; x_wconf 89' lang='lat' dir='ltr'><strong>triticum.</strong></span> <span class='ocrx_word' id='word_1_227' title='bbox 593 3107 729 3173; x_wconf 89' lang='lat' dir='ltr'><strong>Paulum</strong></span> <span class='ocrx_word' id='word_1_228' title='bbox 746 3116 854 3172; x_wconf 87' lang='lat' dir='ltr'><strong>autem</strong></span> <span class='ocrx_word' id='word_1_229' title='bbox 871 3106 1064 3193; x_wconf 80' lang='lat' dir='ltr'><strong>Apostolum</strong></span> <span class='ocrx_word' id='word_1_230' title='bbox 1081 3114 1115 3170; x_wconf 90' lang='lat' dir='ltr'><strong>et</strong></span> <span class='ocrx_word' id='word_1_231' title='bbox 1128 3106 1231 3189; x_wconf 87' lang='lat' dir='ltr'><strong>ipsum</strong></span> <span class='ocrx_word' id='word_1_232' title='bbox 1245 3106 1403 3170; x_wconf 82' lang='lat' dir='ltr'><strong>reminisci</strong></span> 
     </span>
     <span class='ocr_line' id='line_1_26' title="bbox 84 3203 1403 3290; baseline 0.001 -22"><span class='ocrx_word' id='word_1_233' title='bbox 84 3217 212 3260; x_wconf 65' lang='lat' dir='ltr'><strong>icontlc</strong></span> <span class='ocrx_word' id='word_1_234' title='bbox 248 3203 342 3290; x_wconf 90' lang='lat' dir='ltr'><strong>hujus</strong></span> <span class='ocrx_word' id='word_1_235' title='bbox 376 3208 477 3271; x_wconf 87' lang='lat' dir='ltr'><strong>crucis</strong></span> <span class='ocrx_word' id='word_1_236' title='bbox 510 3207 621 3273; x_wconf 89' lang='lat' dir='ltr'><strong>dicunt</strong></span> <span class='ocrx_word' id='word_1_237' title='bbox 648 3208 711 3272; x_wconf 87' lang='lat' dir='ltr'><strong>sic:</strong></span> <span class='ocrx_word' id='word_1_238' title='bbox 751 3206 880 3272; x_wconf 77' lang='lat' dir='ltr'><strong>Verbum</strong></span> <span class='ocrx_word' id='word_1_239' title='bbox 905 3209 984 3272; x_wconf 79' lang='lat' dir='ltr'><strong>caim</strong></span> <span class='ocrx_word' id='word_1_240' title='bbox 1009 3206 1109 3270; x_wconf 81' lang='lat' dir='ltr'><strong>oraria</strong></span> <span class='ocrx_word' id='word_1_241' title='bbox 1133 3206 1175 3270; x_wconf 74' lang='lat' dir='ltr'><strong>iis</strong></span> <span class='ocrx_word' id='word_1_242' title='bbox 1199 3206 1254 3290; x_wconf 78' lang='lat' dir='ltr'><strong>qai</strong></span> <span class='ocrx_word' id='word_1_243' title='bbox 1272 3216 1403 3290; x_wconf 77' lang='lat' dir='ltr'><strong>pereant</strong></span> 
     </span>
     <span class='ocr_line' id='line_1_27' title="bbox 247 3303 1398 3392; baseline 0 -24"><span class='ocrx_word' id='word_1_244' title='bbox 247 3305 383 3369; x_wconf 77' lang='lat' dir='ltr'><strong>etaltita&#39;o</strong></span> <span class='ocrx_word' id='word_1_245' title='bbox 407 3315 465 3372; x_wconf 80' lang='lat' dir='ltr'><strong>cet:</strong></span> <span class='ocrx_word' id='word_1_246' title='bbox 489 3307 531 3371; x_wconf 79' lang='lat' dir='ltr'><strong>a‘c&#39;r</strong></span> <span class='ocrx_word' id='word_1_247' title='bbox 555 3316 664 3381; x_wconf 72' lang='grc' dir='ltr'>αυυιιιι,</span> <span class='ocrx_word' id='word_1_248' title='bbox 683 3309 737 3392; x_wconf 80' lang='lat' dir='ltr'><strong>qai</strong></span> <span class='ocrx_word' id='word_1_249' title='bbox 755 3309 926 3380; x_wconf 77' lang='lat' dir='ltr'><strong>calcantur,</strong></span> <span class='ocrx_word' id='word_1_250' title='bbox 953 3307 1050 3371; x_wconf 77' lang='lat' dir='ltr'><strong>cirtae</strong></span> <span class='ocrx_word' id='word_1_251' title='bbox 1067 3305 1138 3369; x_wconf 80' lang='lat' dir='ltr'><strong>Dei.</strong></span> <span class='ocrx_word' id='word_1_252' title='bbox 1192 3303 1238 3369; x_wconf 85' lang='lat' dir='ltr'><strong>Et</strong></span> <span class='ocrx_word' id='word_1_253' title='bbox 1262 3304 1398 3368; x_wconf 86' lang='lat' dir='ltr'><strong>itemm:</strong></span> 
     </span>
     <span class='ocr_line' id='line_1_28' title="bbox 83 3403 1400 3491; baseline 0.001 -23"><span class='ocrx_word' id='word_1_254' title='bbox 83 3419 207 3461; x_wconf 68' lang='lat' dir='ltr'><strong>estvm</strong></span> <span class='ocrx_word' id='word_1_255' title='bbox 248 3403 337 3468; x_wconf 74' lang='lat' dir='ltr'><strong>Mili</strong></span> <span class='ocrx_word' id='word_1_256' title='bbox 353 3415 453 3468; x_wconf 80' lang='lat' dir='ltr'><strong>actem</strong></span> <span class='ocrx_word' id='word_1_257' title='bbox 478 3426 538 3469; x_wconf 81' lang='grc' dir='ltr'><strong>αωι</strong></span> <span class='ocrx_word' id='word_1_258' title='bbox 564 3408 683 3470; x_wconf 79' lang='lat' dir='ltr'><strong>eveniat</strong></span> <span class='ocrx_word' id='word_1_259' title='bbox 708 3407 743 3470; x_wconf 82' lang='lat' dir='ltr'><strong>in</strong></span> <span class='ocrx_word' id='word_1_260' title='bbox 768 3408 831 3471; x_wconf 79' lang='lat' dir='ltr'><strong>cllo</strong></span> <span class='ocrx_word' id='word_1_261' title='bbox 852 3407 1000 3491; x_wconf 69' lang='lat' dir='ltr'><strong>ylorr&#39;cri,</strong></span> <span class='ocrx_word' id='word_1_262' title='bbox 1017 3405 1080 3470; x_wconf 75' lang='grc' dir='ltr'>υῖεῖ</span> <span class='ocrx_word' id='word_1_263' title='bbox 1104 3405 1139 3469; x_wconf 77' lang='lat' dir='ltr'><strong>ia</strong></span> <span class='ocrx_word' id='word_1_264' title='bbox 1159 3404 1279 3470; x_wconf 72' lang='lat' dir='ltr'><strong>Christi</strong></span> <span class='ocrx_word' id='word_1_265' title='bbox 1304 3426 1400 3479; x_wconf 76' lang='lat' dir='ltr'><strong>cruce,</strong></span> 
     </span>
     <span class='ocr_line' id='line_1_29' title="bbox 240 3503 1402 3590; baseline 0.001 -24"><span class='ocrx_word' id='word_1_266' title='bbox 240 3523 302 3587; x_wconf 84' lang='lat' dir='ltr'><strong>per</strong></span> <span class='ocrx_word' id='word_1_267' title='bbox 319 3524 403 3587; x_wconf 80' lang='lat' dir='ltr'><strong>qoem</strong></span> <span class='ocrx_word' id='word_1_268' title='bbox 418 3504 496 3568; x_wconf 70' lang='lat' dir='ltr'><strong>mita·</strong></span> <span class='ocrx_word' id='word_1_269' title='bbox 512 3507 644 3569; x_wconf 81' lang='lat' dir='ltr'><strong>mandas</strong></span> <span class='ocrx_word' id='word_1_270' title='bbox 661 3507 830 3588; x_wconf 79' lang='lat' dir='ltr'><strong>cracisirae</strong></span> <span class='ocrx_word' id='word_1_271' title='bbox 843 3515 896 3581; x_wconf 80' lang='lat' dir='ltr'><strong>ert,</strong></span> <span class='ocrx_word' id='word_1_272' title='bbox 909 3515 937 3571; x_wconf 82' lang='lat' dir='ltr'><strong>et</strong></span> <span class='ocrx_word' id='word_1_273' title='bbox 953 3528 1004 3590; x_wconf 73' lang='lat' dir='ltr'><strong>epo</strong></span> <span class='ocrx_word' id='word_1_274' title='bbox 1016 3504 1138 3570; x_wconf 81' lang='lat' dir='ltr'><strong>mundo.</strong></span> <span class='ocrx_word' id='word_1_275' title='bbox 1192 3504 1287 3568; x_wconf 87' lang='lat' dir='ltr'><strong>Talia</strong></span> <span class='ocrx_word' id='word_1_276' title='bbox 1303 3503 1402 3588; x_wconf 88' lang='lat' dir='ltr'><strong>igitur</strong></span> 
     </span>
     <span class='ocr_line' id='line_1_30' title="bbox 247 3600 1401 3690; baseline 0.003 -26"><span class='ocrx_word' id='word_1_277' title='bbox 247 3600 288 3665; x_wconf 91' lang='lat' dir='ltr'><strong>de</strong></span> <span class='ocrx_word' id='word_1_278' title='bbox 305 3600 488 3666; x_wconf 83' lang='lat' dir='ltr'><strong>Pleromate</strong></span> <span class='ocrx_word' id='word_1_279' title='bbox 501 3602 648 3688; x_wconf 89' lang='lat' dir='ltr'><strong>ipsorum,</strong></span> <span class='ocrx_word' id='word_1_280' title='bbox 661 3613 695 3668; x_wconf 87' lang='lat' dir='ltr'><strong>et</strong></span> <span class='ocrx_word' id='word_1_281' title='bbox 708 3605 863 3690; x_wconf 86' lang='lat' dir='ltr'><strong>plasmate</strong></span> <span class='ocrx_word' id='word_1_282' title='bbox 879 3605 1096 3670; x_wconf 86' lang='lat' dir='ltr'><strong>universorum</strong></span> <span class='ocrx_word' id='word_1_283' title='bbox 1111 3604 1232 3674; x_wconf 85' lang='lat' dir='ltr'><strong>dicunt,</strong></span> <span class='ocrx_word' id='word_1_284' title='bbox 1246 3604 1401 3688; x_wconf 86' lang='lat' dir='ltr'><strong>adaptare</strong></span> 
     </span>
     <span class='ocr_line' id='line_1_31' title="bbox 247 3701 1402 3791; baseline 0.001 -26"><span class='ocrx_word' id='word_1_285' title='bbox 247 3701 410 3786; x_wconf 87' lang='lat' dir='ltr'><strong>cupientes</strong></span> <span class='ocrx_word' id='word_1_286' title='bbox 427 3724 466 3766; x_wconf 90' lang='lat' dir='ltr'><strong>ea</strong></span> <span class='ocrx_word' id='word_1_287' title='bbox 482 3726 554 3789; x_wconf 86' lang='lat' dir='ltr'><strong>quae</strong></span> <span class='ocrx_word' id='word_1_288' title='bbox 572 3705 652 3769; x_wconf 91' lang='lat' dir='ltr'><strong>bene</strong></span> <span class='ocrx_word' id='word_1_289' title='bbox 669 3704 859 3785; x_wconf 86' lang='lat' dir='ltr'><strong>dictasunt,</strong></span> <span class='ocrx_word' id='word_1_290' title='bbox 877 3705 915 3770; x_wconf 81' lang='lat' dir='ltr'><strong>iis</strong></span> <span class='ocrx_word' id='word_1_291' title='bbox 935 3727 1006 3791; x_wconf 86' lang='lat' dir='ltr'><strong>quae</strong></span> <span class='ocrx_word' id='word_1_292' title='bbox 1029 3704 1112 3769; x_wconf 86' lang='lat' dir='ltr'><strong>male</strong></span> <span class='ocrx_word' id='word_1_293' title='bbox 1134 3703 1306 3768; x_wconf 88' lang='lat' dir='ltr'><strong>adinventa</strong></span> <span class='ocrx_word' id='word_1_294' title='bbox 1327 3712 1402 3767; x_wconf 86' lang='lat' dir='ltr'><strong>sunt</strong></span> 
     </span>
    </p>
   </div>
   <div class='ocr_carea' id='block_1_5' title="bbox 244 3893 1401 4610">
    <p class='ocr_par' dir='ltr' id='par_1_5' title="bbox 244 3893 1401 4530">
     <span class='ocr_line' id='line_1_32' title="bbox 246 3893 1401 3959; baseline 0.003 -19"><span class='ocrx_word' id='word_1_295' title='bbox 246 3908 331 3941; x_wconf 78' lang='lat' dir='ltr'><strong>ercan</strong></span> <span class='ocrx_word' id='word_1_296' title='bbox 343 3893 595 3959; x_wconf 82' lang='lat' dir='ltr'><strong>independentproof,</strong></span> <span class='ocrx_word' id='word_1_297' title='bbox 604 3896 796 3945; x_wconf 83' lang='lat' dir='ltr'><strong>thattheSacri·</strong></span> <span class='ocrx_word' id='word_1_298' title='bbox 849 3895 972 3954; x_wconf 85' lang='lat' dir='ltr'><strong>Pleroma,</strong></span> <span class='ocrx_word' id='word_1_299' title='bbox 1003 3895 1086 3943; x_wconf 82' lang='lat' dir='ltr'><strong>whose</strong></span> <span class='ocrx_word' id='word_1_300' title='bbox 1113 3895 1226 3944; x_wconf 84' lang='lat' dir='ltr'><strong>function</strong></span> <span class='ocrx_word' id='word_1_301' title='bbox 1254 3896 1275 3943; x_wconf 94' lang='lat' dir='ltr'><strong>it</strong></span> <span class='ocrx_word' id='word_1_302' title='bbox 1297 3912 1349 3944; x_wconf 81' lang='lat' dir='ltr'><strong>was</strong></span> <span class='ocrx_word' id='word_1_303' title='bbox 1376 3901 1401 3944; x_wconf 89' lang='lat' dir='ltr'><strong>to</strong></span> 
     </span>
     <span class='ocr_line' id='line_1_33' title="bbox 246 3973 1401 4041; baseline 0.004 -20"><span class='ocrx_word' id='word_1_304' title='bbox 246 3973 332 4022; x_wconf 84' lang='lat' dir='ltr'><strong>fioeof</strong></span> <span class='ocrx_word' id='word_1_305' title='bbox 346 3975 389 4022; x_wconf 88' lang='lat' dir='ltr'><strong>the</strong></span> <span class='ocrx_word' id='word_1_306' title='bbox 406 3974 530 4025; x_wconf 82' lang='lat' dir='ltr'><strong>Deathol</strong></span> <span class='ocrx_word' id='word_1_307' title='bbox 544 3976 628 4026; x_wconf 76' lang='lat' dir='ltr'><strong>Christ</strong></span> <span class='ocrx_word' id='word_1_308' title='bbox 643 3994 693 4026; x_wconf 82' lang='lat' dir='ltr'><strong>was</strong></span> <span class='ocrx_word' id='word_1_309' title='bbox 708 3978 797 4027; x_wconf 89' lang='lat' dir='ltr'><strong>denied</strong></span> <span class='ocrx_word' id='word_1_310' title='bbox 848 3981 960 4041; x_wconf 81' lang='lat' dir='ltr'><strong>separate</strong></span> <span class='ocrx_word' id='word_1_311' title='bbox 982 3976 1025 4024; x_wconf 87' lang='lat' dir='ltr'><strong>the</strong></span> <span class='ocrx_word' id='word_1_312' title='bbox 1046 3976 1160 4025; x_wconf 78' lang='lat' dir='ltr'><strong>material</strong></span> <span class='ocrx_word' id='word_1_313' title='bbox 1181 3976 1231 4024; x_wconf 87' lang='lat' dir='ltr'><strong>and</strong></span> <span class='ocrx_word' id='word_1_314' title='bbox 1250 3993 1321 4040; x_wconf 88' lang='lat' dir='ltr'><strong>gross</strong></span> <span class='ocrx_word' id='word_1_315' title='bbox 1338 3978 1401 4026; x_wconf 84' lang='lat' dir='ltr'><strong>from</strong></span> 
     </span>
     <span class='ocr_line' id='line_1_34' title="bbox 245 4056 1400 4122; baseline 0.002 -16"><span class='ocrx_word' id='word_1_316' title='bbox 245 4056 392 4120; x_wconf 80' lang='lat' dir='ltr'><strong>stubbornly</strong></span> <span class='ocrx_word' id='word_1_317' title='bbox 402 4057 438 4120; x_wconf 85' lang='lat' dir='ltr'><strong>by</strong></span> <span class='ocrx_word' id='word_1_318' title='bbox 447 4057 490 4105; x_wconf 86' lang='lat' dir='ltr'><strong>the</strong></span> <span class='ocrx_word' id='word_1_319' title='bbox 501 4059 601 4108; x_wconf 82' lang='lat' dir='ltr'><strong>ancient</strong></span> <span class='ocrx_word' id='word_1_320' title='bbox 611 4060 710 4111; x_wconf 87' lang='lat' dir='ltr'><strong>heretic.</strong></span> <span class='ocrx_word' id='word_1_321' title='bbox 744 4061 797 4109; x_wconf 70' lang='lat' dir='ltr'><strong>OEhe</strong></span> <span class='ocrx_word' id='word_1_322' title='bbox 848 4059 891 4108; x_wconf 86' lang='lat' dir='ltr'><strong>the</strong></span> <span class='ocrx_word' id='word_1_323' title='bbox 910 4059 1024 4121; x_wconf 80' lang='lat' dir='ltr'><strong>spiritual</strong></span> <span class='ocrx_word' id='word_1_324' title='bbox 1043 4059 1093 4107; x_wconf 85' lang='lat' dir='ltr'><strong>and</strong></span> <span class='ocrx_word' id='word_1_325' title='bbox 1111 4058 1240 4122; x_wconf 84' lang='lat' dir='ltr'><strong>heavenly‚</strong></span> <span class='ocrx_word' id='word_1_326' title='bbox 1262 4058 1340 4107; x_wconf 86' lang='lat' dir='ltr'><strong>henoc</strong></span> <span class='ocrx_word' id='word_1_327' title='bbox 1359 4060 1400 4108; x_wconf 86' lang='lat' dir='ltr'><strong>the</strong></span> 
     </span>
     <span class='ocr_line' id='line_1_35' title="bbox 244 4135 1279 4205; baseline 0.006 -21"><span class='ocrx_word' id='word_1_328' title='bbox 244 4135 392 4195; x_wconf 79' lang='lat' dir='ltr'><strong>rationrdist,</strong></span> <span class='ocrx_word' id='word_1_329' title='bbox 410 4151 437 4184; x_wconf 84' lang='lat' dir='ltr'><strong>ae</strong></span> <span class='ocrx_word' id='word_1_330' title='bbox 448 4136 542 4186; x_wconf 83' lang='lat' dir='ltr'><strong>wellas</strong></span> <span class='ocrx_word' id='word_1_331' title='bbox 554 4139 595 4187; x_wconf 87' lang='lat' dir='ltr'><strong>the</strong></span> <span class='ocrx_word' id='word_1_332' title='bbox 609 4139 671 4201; x_wconf 83' lang='lat' dir='ltr'><strong>high</strong></span> <span class='ocrx_word' id='word_1_333' title='bbox 681 4139 797 4203; x_wconf 87' lang='lat' dir='ltr'><strong>predesti·</strong></span> <span class='ocrx_word' id='word_1_334' title='bbox 848 4141 1008 4205; x_wconf 70' lang='lat' dir='ltr'><strong>agricultural</strong></span> <span class='ocrx_word' id='word_1_335' title='bbox 1019 4157 1092 4189; x_wconf 86' lang='lat' dir='ltr'><strong>name</strong></span> <span class='ocrx_word' id='word_1_336' title='bbox 1103 4142 1131 4190; x_wconf 85' lang='lat' dir='ltr'><strong>of</strong></span> <span class='ocrx_word' id='word_1_337' title='bbox 1146 4141 1279 4205; x_wconf 83' lang='lat' dir='ltr'><strong>Carpistes.</strong></span> 
     </span>
     <span class='ocr_line' id='line_1_36' title="bbox 245 4217 1400 4280; baseline 0.004 -14"><span class='ocrx_word' id='word_1_338' title='bbox 245 4217 341 4277; x_wconf 78' lang='lat' dir='ltr'><strong>narian,</strong></span> <span class='ocrx_word' id='word_1_339' title='bbox 357 4232 416 4280; x_wconf 81' lang='lat' dir='ltr'><strong>may</strong></span> <span class='ocrx_word' id='word_1_340' title='bbox 431 4217 483 4266; x_wconf 85' lang='lat' dir='ltr'><strong>find</strong></span> <span class='ocrx_word' id='word_1_341' title='bbox 501 4219 540 4267; x_wconf 83' lang='lat' dir='ltr'><strong>lor</strong></span> <span class='ocrx_word' id='word_1_342' title='bbox 556 4219 657 4268; x_wconf 77' lang='lat' dir='ltr'><strong>himself</strong></span> <span class='ocrx_word' id='word_1_343' title='bbox 671 4236 687 4268; x_wconf 82' lang='lat' dir='ltr'><strong>a</strong></span> <span class='ocrx_word' id='word_1_344' title='bbox 703 4221 796 4269; x_wconf 87' lang='lat' dir='ltr'><strong>certain</strong></span> <span class='ocrx_word' id='word_1_345' title='bbox 897 4220 1139 4270; x_wconf 72' lang='lat' dir='ltr'><strong>&#39;Vinnnrmusis</strong></span> <span class='ocrx_word' id='word_1_346' title='bbox 1160 4222 1275 4270; x_wconf 84' lang='lat' dir='ltr'><strong>nowhere</strong></span> <span class='ocrx_word' id='word_1_347' title='bbox 1297 4222 1400 4271; x_wconf 88' lang='lat' dir='ltr'><strong>accused</strong></span> 
     </span>
     <span class='ocr_line' id='line_1_37' title="bbox 244 4297 1397 4368; baseline 0.005 -21"><span class='ocrx_word' id='word_1_348' title='bbox 244 4297 372 4348; x_wconf 73' lang='lat' dir='ltr'><strong>hietoriocl</strong></span> <span class='ocrx_word' id='word_1_349' title='bbox 405 4299 512 4360; x_wconf 91' lang='lat' dir='ltr'><strong>position</strong></span> <span class='ocrx_word' id='word_1_350' title='bbox 540 4300 566 4347; x_wconf 87' lang='lat' dir='ltr'><strong>in</strong></span> <span class='ocrx_word' id='word_1_351' title='bbox 596 4301 639 4348; x_wconf 90' lang='lat' dir='ltr'><strong>the</strong></span> <span class='ocrx_word' id='word_1_352' title='bbox 672 4301 796 4364; x_wconf 84' lang='lat' dir='ltr'><strong>primitive</strong></span> <span class='ocrx_word' id='word_1_353' title='bbox 848 4303 877 4352; x_wconf 81' lang='lat' dir='ltr'><strong>of</strong></span> <span class='ocrx_word' id='word_1_354' title='bbox 890 4304 983 4366; x_wconf 82' lang='lat' dir='ltr'><strong>having</strong></span> <span class='ocrx_word' id='word_1_355' title='bbox 994 4304 1086 4352; x_wconf 85' lang='lat' dir='ltr'><strong>altered</strong></span> <span class='ocrx_word' id='word_1_356' title='bbox 1098 4305 1140 4353; x_wconf 88' lang='lat' dir='ltr'><strong>the</strong></span> <span class='ocrx_word' id='word_1_357' title='bbox 1151 4309 1206 4352; x_wconf 84' lang='lat' dir='ltr'><strong>text</strong></span> <span class='ocrx_word' id='word_1_358' title='bbox 1221 4305 1250 4352; x_wconf 82' lang='lat' dir='ltr'><strong>of</strong></span> <span class='ocrx_word' id='word_1_359' title='bbox 1265 4303 1397 4368; x_wconf 77' lang='lat' dir='ltr'><strong>Scriptura,</strong></span> 
     </span>
     <span class='ocr_line' id='line_1_38' title="bbox 244 4379 1400 4450; baseline 0.003 -19"><span class='ocrx_word' id='word_1_360' title='bbox 244 4381 336 4444; x_wconf 78' lang='lat' dir='ltr'><strong>period,</strong></span> <span class='ocrx_word' id='word_1_361' title='bbox 349 4381 396 4430; x_wconf 79' lang='lat' dir='ltr'><strong>but</strong></span> <span class='ocrx_word' id='word_1_362' title='bbox 414 4382 434 4430; x_wconf 83' lang='lat' dir='ltr'><strong>it</strong></span> <span class='ocrx_word' id='word_1_363' title='bbox 451 4384 519 4428; x_wconf 65' lang='lat' dir='ltr'><strong>muel</strong></span> <span class='ocrx_word' id='word_1_364' title='bbox 538 4379 569 4427; x_wconf 67' lang='lat' dir='ltr'><strong>be</strong></span> <span class='ocrx_word' id='word_1_365' title='bbox 584 4379 609 4427; x_wconf 80' lang='lat' dir='ltr'><strong>in</strong></span> <span class='ocrx_word' id='word_1_366' title='bbox 624 4379 667 4427; x_wconf 66' lang='lat' dir='ltr'><strong>the</strong></span> <span class='ocrx_word' id='word_1_367' title='bbox 684 4380 760 4428; x_wconf 63' lang='lat' dir='ltr'><strong>ranke!</strong></span> <span class='ocrx_word' id='word_1_368' title='bbox 771 4380 799 4428; x_wconf 82' lang='lat' dir='ltr'><strong>of</strong></span> <span class='ocrx_word' id='word_1_369' title='bbox 847 4400 875 4434; x_wconf 71' lang='lat' dir='ltr'><strong>ae</strong></span> <span class='ocrx_word' id='word_1_370' title='bbox 893 4384 1023 4433; x_wconf 70' lang='lat' dir='ltr'><strong>Mencrort</strong></span> <span class='ocrx_word' id='word_1_371' title='bbox 1042 4385 1093 4446; x_wconf 92' lang='lat' dir='ltr'><strong>did,</strong></span> <span class='ocrx_word' id='word_1_372' title='bbox 1115 4386 1161 4434; x_wconf 90' lang='lat' dir='ltr'><strong>bnt</strong></span> <span class='ocrx_word' id='word_1_373' title='bbox 1183 4386 1213 4433; x_wconf 72' lang='lat' dir='ltr'><strong>ol*</strong></span> <span class='ocrx_word' id='word_1_374' title='bbox 1231 4386 1326 4449; x_wconf 84' lang='lat' dir='ltr'><strong>having</strong></span> <span class='ocrx_word' id='word_1_375' title='bbox 1348 4402 1400 4450; x_wconf 87' lang='lat' dir='ltr'><strong>pcr-</strong></span> 
     </span>
     <span class='ocr_line' id='line_1_39' title="bbox 244 4461 1377 4530; baseline 0.004 -20"><span class='ocrx_word' id='word_1_376' title='bbox 244 4461 339 4526; x_wconf 82' lang='lat' dir='ltr'><strong>hereey.</strong></span> <span class='ocrx_word' id='word_1_377' title='bbox 848 4466 933 4514; x_wconf 82' lang='lat' dir='ltr'><strong>verted</strong></span> <span class='ocrx_word' id='word_1_378' title='bbox 944 4466 976 4514; x_wconf 86' lang='lat' dir='ltr'><strong>its</strong></span> <span class='ocrx_word' id='word_1_379' title='bbox 987 4467 1111 4530; x_wconf 85' lang='lat' dir='ltr'><strong>meaning.</strong></span> <span class='ocrx_word' id='word_1_380' title='bbox 1148 4468 1194 4515; x_wconf 80' lang='lat' dir='ltr'><strong>See</strong></span> <span class='ocrx_word' id='word_1_381' title='bbox 1205 4472 1264 4515; x_wconf 85' lang='lat' dir='ltr'><strong>note</strong></span> <span class='ocrx_word' id='word_1_382' title='bbox 1278 4481 1299 4528; x_wconf 88' lang='lat'><strong>3,</strong></span> <span class='ocrx_word' id='word_1_383' title='bbox 1314 4483 1339 4530; x_wconf 88' lang='lat' dir='ltr'><strong>p.</strong></span> <span class='ocrx_word' id='word_1_384' title='bbox 1353 4485 1377 4524; x_wconf 83' lang='lat'><strong>4.</strong></span> 
     </span>
    </p>

    <p class='ocr_par' dir='ltr' id='par_1_6' title="bbox 294 4541 1375 4610">
     <span class='ocr_line' id='line_1_40' title="bbox 294 4541 1375 4610; baseline 0.004 -19"><span class='ocrx_word' id='word_1_385' title='bbox 294 4541 304 4573; x_wconf 80' lang='lat'>¹</span> <span class='ocrx_word' id='word_1_386' title='bbox 321 4545 354 4603; x_wconf 76' lang='lat' dir='ltr'><strong>dr,</strong></span> <span class='ocrx_word' id='word_1_387' title='bbox 369 4542 488 4607; x_wconf 78' lang='lat' dir='ltr'><strong>referring</strong></span> <span class='ocrx_word' id='word_1_388' title='bbox 498 4547 526 4591; x_wconf 91' lang='lat' dir='ltr'><strong>to</strong></span> <span class='ocrx_word' id='word_1_389' title='bbox 538 4541 581 4591; x_wconf 84' lang='lat' dir='ltr'><strong>the</strong></span> <span class='ocrx_word' id='word_1_390' title='bbox 595 4542 695 4603; x_wconf 78' lang='grc' dir='ltr'>σταυρὸς</span> <span class='ocrx_word' id='word_1_391' title='bbox 712 4542 741 4589; x_wconf 83' lang='lat' dir='ltr'><strong>of</strong></span> <span class='ocrx_word' id='word_1_392' title='bbox 753 4543 796 4591; x_wconf 88' lang='lat' dir='ltr'><strong>the</strong></span> <span class='ocrx_word' id='word_1_393' title='bbox 897 4545 908 4577; x_wconf 83' lang='lat'><strong>³</strong></span> <span class='ocrx_word' id='word_1_394' title='bbox 924 4546 977 4594; x_wconf 83' lang='lat' dir='ltr'><strong>The</strong></span> <span class='ocrx_word' id='word_1_395' title='bbox 988 4547 1092 4610; x_wconf 85' lang='lat' dir='ltr'><strong>reading</strong></span> <span class='ocrx_word' id='word_1_396' title='bbox 1103 4547 1132 4595; x_wconf 83' lang='lat' dir='ltr'><strong>of</strong></span> <span class='ocrx_word' id='word_1_397' title='bbox 1145 4547 1187 4595; x_wconf 91' lang='lat' dir='ltr'><strong>the</strong></span> <span class='ocrx_word' id='word_1_398' title='bbox 1199 4549 1303 4596; x_wconf 66' lang='lat' dir='ltr'><strong>linurin.</strong></span> <span class='ocrx_word' id='word_1_399' title='bbox 1317 4547 1375 4596; x_wconf 81' lang='lat' dir='ltr'><strong>MS.</strong></span> 
     </span>
    </p>
   </div>
   <div class='ocr_carea' id='block_1_6' title="bbox 0 0 1482 4986">
    <p class='ocr_par' dir='ltr' id='par_1_7' title="bbox 0 0 1482 4986">
     <span class='ocr_line' id='line_1_41' title="bbox 0 0 1482 4986; baseline 0 2"><span class='ocrx_word' id='word_1_400' title='bbox 0 0 1482 4986; x_wconf 95' lang='lat' dir='ltr'><strong> </strong></span> 
     </span>
    </p>
   </div>
  </div>
 </body>
</html>
