2954 4986
423 367 634 420 vennurmr
660 368 849 421 precene.
1142 353 1208 417 243

1221 542 1275 581 ms.
1285 542 1302 580 1.
1313 543 1371 580 xxix.

498 561 599 631 CAP.
627 562 769 627 XXIX.
1221 589 1267 627 GR.
1277 588 1293 626 l.
1306 599 1370 626 xxxv.

1244 635 1322 673 MASS.
1331 636 1348 672 1.

1256 681 1338 719 xxxtt.

61 693 201 784 Quibus
225 695 446 795 temporebus
464 697 622 795 finiunt
656 724 785 789 omnes,
816 696 882 796 qni
907 696 1086 798 predicti
1117 712 1208 787 soon,

211 827 243 889 ct
258 841 284 888 a
301 815 431 914 quibus
446 814 558 890 initio
575 830 607 892 et
624 815 812 892 doctrinas
829 829 1055 916 occeperunt.

136 964 167 1027 A
187 986 316 1030 rssraus
333 966 498 1044 matribus,
520 974 555 1033 et
577 967 732 1053 patribus,
755 973 789 1033 et
807 967 932 1053 proavis
954 989 1008 1032 eos
1031 967 1086 1053 qui
1103 989 1123 1032 a
1141 965 1211 1032 Va·

61 1063 182 1128 lentino
212 1065 287 1137 sint.
317 1065 399 1132 sicut
428 1066 506 1152 ipsae
533 1067 701 1133 sententiae
731 1075 765 1133 et
794 1068 914 1155 regulae
945 1068 1120 1133 ostendunt
1147 1088 1211 1143 eos,

61 1164 272 1229 necessarium
295 1165 357 1230 luit
377 1167 546 1232 manifeste
562 1189 705 1254 arguere,
729 1174 763 1233 et
780 1167 813 1232 in
835 1167 976 1233 medium
998 1168 1111 1232 afferre
1135 1167 1212 1253 dog-

63 1271 153 1328 mata
170 1263 321 1348 ipsorum,
346 1265 373 1330 si
390 1266 444 1352 qui
461 1267 546 1332 forte
566 1289 607 1331 ex
624 1267 661 1331 iis
681 1267 904 1353 poenitentiam
921 1275 1063 1353 agentes,
1085 1273 1119 1331 et
1140 1287 1213 1331 con-

63 1370 225 1427 vertentes
241 1365 283 1429 ad
298 1386 395 1429 unum
413 1365 512 1430 solum
529 1366 726 1432 conditorem
744 1375 778 1432 et
796 1366 901 1431 Deum
918 1367 1073 1432 factorem
1090 1366 1213 1431 univer·

63 1462 180 1538 sitatis,
203 1464 318 1529 salvari
335 1464 477 1550 possint:
503 1466 616 1551 reliqui
637 1474 746 1532 autem
768 1489 832 1532 non
850 1468 919 1552 jam
942 1466 1172 1532 abstrahantur
1196 1487 1216 1529 a

64 1585 164 1648 prava
190 1563 279 1648 quasi
300 1564 460 1629 verisimili
487 1565 632 1631 suasione
655 1587 774 1641 eorum,
798 1572 950 1652 putantes
978 1565 1081 1650 majus
1104 1573 1139 1630 et
1160 1565 1215 1629 ali-

66 1662 142 1748 quid
160 1661 254 1727 altius
278 1665 318 1728 ab
336 1663 374 1729 iis
394 1664 530 1730 scituros
547 1687 581 1730 se
601 1665 802 1750 mysterium3
826 1665 882 1730 sed
901 1687 921 1729 a
941 1664 1033 1729 nobis
1050 1665 1132 1729 bene
1154 1663 1217 1727 dis-

67 1769 175 1827 centes
200 1784 270 1847 quae
290 1763 408 1828 abillis
426 1765 509 1829 male
527 1766 692 1843 docentur,
711 1765 879 1830 derideant
895 1763 1023 1850 quidem
1039 1762 1217 1828 doctrinam

67 1884 187 1940 eorum,
205 1862 331 1927 illorum
348 1870 457 1929 autem
472 1865 692 1942 misereantur,
707 1864 761 1950 qui
777 1864 881 1930 adhuc
896 1863 929 1929 in
952 1863 1002 1927 his
1023 1869 1092 1928 tam
1108 1861 1217 1927 miser-

67 1961 155 2025 rimis
180 1969 214 2027 et
235 1962 435 2028 instabilibus
452 1963 567 2029 sabulis
587 1970 713 2029 tantam
736 1964 906 2029 elationem
930 1969 1156 2040 assumserunt,
1180 1968 1218 2026 ut

67 2061 212 2126 meliores
234 2061 421 2148 semetipsos
443 2063 572 2149 reliquis
588 2071 721 2148 propter
741 2065 840 2129 talem
857 2063 1061 2150 agnitionem,
1086 2061 1150 2126 imo
1172 2062 1218 2148 ig-

68 2161 259 2240 norantiam,
286 2162 493 2231 arbitrentur.
545 2161 745 2230 ¹Delectatio
776 2170 884 2229 autem
912 2184 1020 2229 eorum
1048 2162 1116 2227 baec
1149 2170 1217 2237 est;

69 2259 133 2324 sive
159 2261 327 2326 ²adversus
354 2284 408 2327 eos
430 2262 564 2328 victoria
591 2270 640 2328 est
666 2263 834 2329 sententies
857 2285 968 2328 eorum
992 2261 1218 2326 manifestatio.

70 2359 277 2447 Quapropter
291 2361 398 2427 conati
414 2385 522 2427 sumus
539 2384 596 2428 nos
613 2363 792 2428 universum
810 2363 892 2428 male
906 2361 1135 2447 ³compositum
1151 2361 1220 2426 vul·
1231 2371 1324 2412 Μὰ

70 2461 190 2545 pcculae
224 2461 318 2546 hujus
347 2462 568 2548 corpusculum
595 2463 628 2527 in
658 2463 797 2527 medium
827 2464 1012 2548 producere,
1044 2468 1078 2526 et
1108 2469 1220 2546 aperto

71 2560 175 2624 lacere
191 2561 405 2626 manifestum.
452 2560 530 2628 Jam
546 2563 629 2627 enim
647 2584 711 2626 non
725 2562 833 2628 multis
850 2585 929 2648 opus
946 2561 1007 2626 erit
1024 2561 1221 2626 sermonibus

71 2659 112 2724 ad
130 2661 337 2725 evertendum
359 2661 537 2727 doctrinam
560 2685 679 2740 corum,
701 2662 904 2728 manifestam
927 2661 1071 2727 omnibus
1091 2661 1219 2725 factam.

73 2759 349 2835 Quemadmodum
363 2760 493 2827 ‘bestie
509 2761 640 2849 alicujus
653 2762 685 2826 in
702 2762 790 2849 sylva
806 2761 1011 2841 absconditae,
1025 2768 1059 2826 et
1076 2761 1151 2826 inde
1165 2760 1222 2825 im-

71 2867 181 2944 petum
194 2859 348 2940 facientis,
360 2867 394 2927 et
410 2860 528 2926 multos
543 2862 708 2940 vastantis,
720 2861 774 2948 qui
790 2869 939 2949 segregat
955 2869 989 2927 et
1006 2861 1148 2926 denudet
1160 2860 1223 2947 syl-

71 2982 152 3039 vam,
171 2968 205 3025 et
222 2960 263 3024 ad
284 2959 434 3025 visionem
455 2960 622 3046 ⁵perduxit
638 2961 740 3047 ipsam
756 2962 867 3038 feram,
881 2961 950 3046 jam
966 2983 1031 3025 nou
1048 2960 1223 3024 elaboravit

72 3060 113 3122 ad
136 3059 333 3146 capiendam,
357 3059 518 3125 ⁶videntes
541 3061 690 3146 quonism
712 3083 751 3126 ea
771 3061 840 3124 lere
861 3061 929 3124 lere
950 3068 1016 3124 est:
1044 3058 1119 3144 ipsis
1139 3058 1223 3122 enim

72 3159 164 3224 adest
181 3159 288 3224 videre
305 3167 339 3224 et
356 3181 467 3224 cavere
483 3159 621 3246 impetus
638 3160 715 3246 ejus,
739 3168 773 3226 et
786 3159 922 3244 jaculari
938 3158 1087 3243 undique,
1107 3165 1141 3222 et
1158 3157 1224 3221 vul-

73 3279 196 3338 nerare,
215 3267 250 3324 et
269 3259 450 3324 interficere
469 3260 675 3326 vastatricem
691 3260 777 3325 illem
803 3258 948 3324 bestiam.
994 3256 1047 3322 Sic
1067 3266 1101 3323 et
1121 3256 1222 3335 nobis,

73 3380 144 3421 cnm
167 3359 199 3423 in
220 3358 423 3424 manifestum
447 3359 662 3446 redegerimus
685 3382 794 3425 eorum
816 3357 1003 3423 abscondita
1025 3364 1059 3422 et
1082 3358 1167 3443 apud
1189 3378 1224 3421 se

73 3459 175 3524 tacita
206 3458 368 3544 mysteria,
394 3459 463 3544 jam
493 3481 557 3524 non
587 3459 649 3524 erit
681 3457 893 3524 necessarium
919 3457 1029 3523 multis
1059 3458 1224 3522 destruere

74 3579 183 3623 eorum
201 3558 403 3625 sententiam.
450 3559 556 3625 Adest
579 3559 662 3623 enim
681 3566 715 3624 et
731 3559 800 3635 tibi,
826 3567 860 3624 et
877 3558 1023 3622 omnibus
1046 3557 1100 3643 qui
1116 3563 1224 3622 tecum

74 3666 158 3737 sunt,
178 3659 220 3723 ad
242 3658 310 3723 haec
333 3680 402 3745 quae
423 3658 579 3744 praedicta
598 3667 674 3724 sunt
694 3659 845 3735 exerceri,
869 3665 903 3721 et
923 3671 1066 3722 evertere
1087 3678 1224 3742 nequam

74 3755 215 3841 ipsorum
245 3759 408 3824 doctrinas
436 3756 488 3824 ⁷et
517 3757 705 3836 inconditas,
730 3765 764 3823 et
793 3764 872 3842 apta
897 3756 1027 3822 veritati
1056 3757 1225 3820 ostendere

122 3917 133 3950 ¹
150 3918 287 3979 Dekdotio,
307 3917 403 3968 detectio
421 3918 541 3968 Fucino.
567 3918 623 3978 sive,
673 3919 795 3967 strnction
806 3918 835 3966 ei
842 3918 885 3966 the
895 3917 1005 3981 genitive
1016 3917 1135 3967 absolute.

73 4000 133 4060 ἦτοι,
153 4017 218 4051 scm.
722 3998 733 4029 ⁵
749 3999 808 4047 This
819 3999 922 4062 reading
932 3998 960 4047 ol
970 3999 1013 4047 the
1025 3998 1124 4048 Omns.
1134 3999 1191 4049 MS.
1205 4000 1227 4048 is

122 4081 134 4113 ¹
149 4083 243 4132 Gnm
254 4087 342 4146 quotes
350 4082 414 4131 from
423 4082 449 4131 S.
459 4082 478 4131 J
479 4093 560 4130 Esou.
568 4080 624 4131 cdo.
674 4080 809 4144 preferable
820 4085 848 4129 to
856 4079 967 4141 adduxit
982 4080 1010 4128 of
1019 4080 1068 4130 Gu.
1081 4080 1130 4128 and
1139 4080 1225 4129 Mus&

73 4164 126 4212 Pel.
139 4180 161 4212 c.
171 4184 194 4225 4.
228 4164 362 4212 Sententiae
376 4170 465 4212 cedrus
477 4162 624 4225 prodidisse,
723 4159 860 4223 ‘stom
884 4162 935 4210 this
955 4161 1065 4224 malleos
1085 4177 1143 4224 may
1165 4161 1228 4208 bave

72 4253 242 4308 supermeat.
266 4246 336 4294 Putet
338 4245 425 4308 primo
427 4244 512 4308 fronte
519 4243 626 4307 tuopte
675 4243 755 4292 ericen
763 4243 828 4293 from
839 4259 855 4291 a
865 4242 927 4292 sulse
937 4243 1040 4305 reading
1050 4243 1077 4290 in
1085 4242 1128 4290 the
1136 4241 1226 4301 Greek,

73 4327 132 4375 min
167 4328 225 4376 Non
241 4342 329 4377 necem
345 4326 413 4376 babet
430 4325 545 4386 maest,
564 4325 628 4389 quod
676 4325 737 4373 such
755 4341 782 4373 as
801 4325 898 4386 ὁρῶντες
917 4326 955 4373 ors
972 4324 1011 4371 for
1033 4323 1092 4384 ὁρῶν
1112 4323 1157 4381 ὅτι,
1183 4322 1230 4370 but

73 4424 120 4456 rua
130 4408 211 4457 stetim
219 4409 367 4472 professione
376 4407 540 4470 blasphemum
550 4415 590 4457 tet.
675 4405 737 4468 ipsis
758 4407 778 4454 is
800 4422 834 4454 no
856 4405 991 4454 unnntural
1012 4404 1142 4453 transition
1167 4404 1193 4450 in
1215 4418 1231 4450 a

124 4489 134 4520 ²
151 4491 262 4550 Onu„
275 4491 323 4539 but
333 4489 465 4552 compositu
475 4490 535 4550 Alc,
545 4489 626 4538 Voss.
675 4488 751 4552 lively
768 4488 924 4552 description.

124 4570 240 4620 ‘Berlin
258 4569 369 4632 alicujus.
402 4569 456 4618 'Phe
472 4569 555 4618 Greek
570 4584 627 4618 eon·
726 4569 736 4601 ⁷
753 4569 919 4618 cisomitted
929 4571 964 4633 by
975 4568 1076 4617 Gnlnn

1016 4655 1127 4719 16—ss
