2954 4986
115 518 217 603 ¹222·in
257 509 466 606 ὖπερβλύσαι
480 561 510 578 ..
527 508 602 579 aral
620 506 681 580 τὸν
699 507 758 592 μὲν
784 505 964 605 Χριστὸν.
982 558 1011 576 ..
1027 504 1086 577 σὺν
1108 512 1157 598 τῇ
1171 504 1276 604 μητρῖ
1295 505 1338 579 εἷς
1354 500 1413 574 τὸν

258 330 324 395 228
752 343 907 397 OPHITAE

91 611 130 651 GR
148 613 162 649 l.
172 613 243 649 xxxiv.
263 620 280 646 ιν

129 715 179 743 xxx.
190 706 207 742 θ.

115 658 219 696 unser.
258 625 439 718 αφθαρτον
472 622 725 704 ἇνασπασθῆυαι
754 621 877 704 Αἶῶνα,
908 618 944 703 ἣν
971 618 1025 690 rai
1055 619 1211 702 ἀληθινὴν
1241 617 1413 698 ἐκκλησίαν

92 778 239 791 -—
256 741 406 805 καλοῦσι.
422 789 429 804 .
443 789 451 803 .
467 787 475 804 .

338 869 368 918 2.
422 847 493 929 Trio
511 845 545 916 δὲ
565 846 836 934 ἆυαβλυσθεΐσαν
853 852 917 918 τοῦ
933 846 1048 946 φωτὸς
1067 839 1210 926 lendin.
1225 893 1233 909 .
1249 842 1413 911 ,ἐκπεσεῖν

255 961 347 1031 xri-re>
379 966 467 1058 φασι
484 1013 492 1030 .
507 1013 515 1029 .
529 959 603 1030 arci
627 963 782 1042 κληθῆναι
812 960 949 1058 Σοφίαν
967 959 1021 1031 καὶ
1042 957 1229 1056 Προύνικον
1252 955 1308 1024 καὶ
1330 953 1413 1052 ’Api-

255 1074 444 1170 ῥενόθηλυν.
503 1074 752 1168 Διανηχομὲυην
778 1070 813 1142 δὲ
844 1073 876 1142 ἕν
906 1083 978 1149 τοῖς
997 1067 1412 1166 ιἕν’δασι...ἰνροσλαβεῑν

255 1183 315 1267 μὲν
332 1182 370 1279 ἐξ
387 1186 494 1258 αὐτῶν
511 1189 607 1268 σῶμα
622 1239 630 1254 .
643 1239 650 1255 .
665 1185 739 1256 .καῖ
767 1186 979 1285 βαρυνθνῐναι,
1002 1183 1055 1255 καὶ
1080 1182 1293 1280 ὑποβρύχιον
1313 1177 1412 1250 κινδυ-

255 1424 556 1510 superebullientem
581 1425 755 1490 secundum
781 1424 992 1490 sinisteriores
1015 1430 1125 1510 partes
1149 1421 1284 1486 dicunt:
1312 1425 1347 1486 et
1369 1418 1411 1485 sic

256 1525 385 1610 quidem
412 1525 511 1589 filium
538 1547 648 1591 eorum
673 1526 775 1590 solum
804 1525 977 1599 Christum,
1007 1523 1097 1611 quasi
1122 1523 1286 1594 dextrum,
1319 1532 1353 1586 et
1380 1520 1410 1584 in

255 1626 420 1710 superiora
447 1625 667 1704 allevatitium,
698 1632 863 1711 arreptum
888 1625 1000 1690 statim
1022 1646 1094 1688 cum
1117 1628 1223 1686 matre
1249 1620 1284 1684 in
1310 1620 1411 1685 incor-

255 1725 440 1810 ruptibilem
464 1725 612 1790 AEonem.
666 1724 746 1790 Esse
771 1733 880 1790 autem
905 1725 987 1790 hanc
1010 1731 1044 1789 et
1067 1744 1186 1796 veram,
1208 1733 1243 1787 et
1265 1727 1410 1786 sanctam

255 1823 442 1903 Ecclesiam,
479 1848 549 1911 quae
583 1825 682 1891 fuerit
713 1825 887 1911 appellatio
920 1834 954 1890 et
985 1822 1154 1889 conventio
1187 1828 1223 1887 et
1257 1820 1410 1886 adunatio

255 1922 365 1989 Patris
390 1925 541 2004 omnium,
567 1925 669 1989 Primi
694 1924 852 1998 Hominis,
870 1932 905 1991 et
928 1923 1011 2003 Filii,
1035 1921 1174 1988 Secundi
1195 1920 1359 1997 Hominis,
1379 1927 1409 1986 et

256 2025 385 2102 Christi,
405 2025 460 2088 tilii
478 2049 597 2103 eorum,
617 2035 650 2090 et
667 2026 830 2110 praedictae
848 2025 996 2091 foeminae.

331 2128 362 2189 2.
415 2123 581 2190 Virtutem
604 2133 712 2190 autem
733 2147 803 2210 quae
823 2123 1042 2210 superebulliit
1062 2145 1103 2188 ex
1126 2121 1267 2200 loemina,
1293 2121 1408 2187 haben·

151 2242 160 2257 “
253 2231 320 2290 tem
354 2224 627 2290 humectationem
660 2224 797 2302 luminis,
825 2226 861 2289 'a
893 2224 1038 2310 patribus
1076 2223 1232 2287 decidisse
1262 2223 1408 2287 deorsum

253 2324 382 2397 docent,
399 2347 456 2389 aua
473 2334 581 2390 autem
597 2325 762 2390 voluntate
778 2325 949 2389 habentem
972 2322 1242 2388 humectationem
1261 2322 1406 2386 luminis:

253 2447 349 2509 quam
366 2434 399 2490 et
424 2424 605 2500 Sinistrum,
623 2435 657 2490 et
675 2424 847 2499 Prunioon,
866 2433 900 2490 et
918 2424 1081 2509 Sophiam,
1099 2431 1134 2488 et
1151 2421 1408 2488 masculo-immi·

252 2545 328 2588 nam
345 2533 468 2590 vocant.
519 2525 565 2591 Et
581 2526 827 2590 descendentem
844 2524 1030 2610 simpliciter
1042 2524 1075 2588 in
1089 2545 1199 2609 aquas,
1215 2545 1290 2587 cum
1306 2529 1407 2588 essent

252 2622 438 2700 immobiles,
465 2633 499 2692 et
522 2625 672 2691 'movisse
697 2647 822 2712 quoque
847 2647 910 2703 eas,
933 2622 1117 2710 petulanter
1140 2629 1292 2710 agentem
1312 2644 1407 2710 usque

301 2832 381 2882 ¹The
404 2832 507 2897 Ophites
530 2833 643 2883 followed
667 2834 757 2883 'l'hales
779 2834 805 2883 in
856 2835 950 2896 πλήρης
962 2835 1010 2882 τῶν
1027 2834 1126 2895 πληρῶν
1142 2834 1205 2895 ὄφις·
1240 2835 1282 2884 ἐπὶ
1300 2831 1406 2883 ταῦταὸ

252 2915 409 2980 considering
431 2921 509 2965 water
527 2921 554 2965 tc
572 2917 603 2965 be
621 2918 663 2966 the
683 2917 764 2981 origin
782 2916 811 2965 ol'
856 2914 964 2974 έλτέται,
986 2913 1032 2962 ὑπὸ
1049 2915 1098 2961 τῶν
1115 2913 1195 2974 ὄφεων
1211 2914 1256 2974 τῆς
1279 2915 1367 2976 ἐρήμου
1381 2913 1406 2961 ιθ

251 2998 295 3046 the
312 2998 390 3047 world
405 2999 434 3046 os
446 3004 545 3058 matter,
563 2999 592 3047 of
605 2999 686 3047 which
702 2998 808 3047 clement
855 2995 1025 3056 διαφθείρεται,
1036 2997 1148 3044 τοθτεστι
1159 2996 1334 3055 τῶνθιῶντῆς
1344 2994 1405 3057 γενέ

251 3080 295 3129 the
306 3080 807 3144 serpentwesanemblem,soH1r1²0tr·
856 3092 922 3125 reor.
940 3072 1019 3126 v.16.
1050 3077 1080 3124 Ι0
1098 3077 1226 3126 νιαθολιιιόι
1242 3079 1306 3139 ὄφις,
1327 3077 1403 3139 φησιν,

251 3173 308 3221 uus,
323 3164 382 3210 εἶναι
394 3164 420 3211 δέ
437 3163 480 3212 τὸν
492 3164 547 3224 ὄφιν
558 3164 671 3224 λέγουσα
682 3157 747 3211 οὗτοι
763 3164 808 3221 τὴν
855 3153 923 3207 criste
940 3159 1006 3206 ἐστιν
1021 3157 1035 3206 ὁ
1051 3156 1126 3218 σοφός
1142 3159 1185 3217 τῆς
1203 3160 1268 3208 Edax
1283 3161 1361 3223 λόγος.
1374 3157 1403 3206 ιθ.

210 3298 220 3311 ,
251 3243 328 3306 ὑγρὰν
339 3246 429 3302 οὐσίαν,
440 3247 550 3306 καθάπερ
562 3245 692 3302 caleante
704 3244 716 3292 ὁ
728 3245 806 3302 Melici
856 3234 976 3290 ...miros
994 3240 1059 3287 ἐστιν
1075 3239 1092 3298 ἡ
1109 3240 1210 3300 μεγάλη
1227 3242 1294 3303 ἀρχὴ
1311 3239 1405 3305 replis

252 3341 310 3384 σιοι,
324 3327 363 3372 καὶ
374 3327 449 3384 μηδέν
460 3327 574 3374 δύνασθαι
588 3327 636 3372 τῶν
651 3327 725 3372 ὄντοιν
735 3326 803 3384 ὅλαι,
854 3320 1077 3382 γέγραπαι....έν
1095 3319 1161 3383 ἀρχῇ
1178 3321 1208 3381 ἧν
1226 3324 1239 3372 d
1256 3325 1345 3387 Δθηοι.
1364 3325 1402 3386 ab,

251 3405 377 3451 ἀθανάτων
388 3404 403 3463 ἢ
416 3406 513 3464 θνητῶν,
527 3406 575 3451 τῶν
592 3405 707 3466 έμψυχων
718 3403 733 3462 ἢ
745 3405 806 3466 dot·
854 3401 905 3450 and
921 3403 947 3450 in
960 3403 1002 3451 the
1015 3407 1077 3451 next
1088 3404 1183 3452 seotion
1195 3405 1227 3454 he
1238 3406 1332 3473 clearly
1342 3408 1404 3457 ideu-

250 3500 308 3544 χιυν,
317 3485 486 3542 συνεστηκέναι
497 3484 569 3544 χωρὶς
577 3485 657 3531 αὐτοῦ.
674 3483 768 3532 Pedes.
779 3496 804 3533 v.
853 3485 918 3533 tifies
925 3485 967 3533 the
974 3490 1049 3533 terme
1058 3486 1193 3546 Adpcsand
1200 3488 1263 3549 ὄφις,
1278 3505 1298 3538 e.
1305 3505 1330 3552 9.
1339 3491 1405 3540 Ἔστι

250 3578 274 3628 9,
294 3565 359 3614 med.
393 3564 563 3628 Accordingly
580 3564 623 3613 the
640 3570 739 3628 serpent
755 3581 806 3614 was
854 3566 908 3615 κατ’
922 3568 1006 3616 αὐτοὺς
1022 3567 1051 3615 τὸ
1068 3569 1124 3627 ro,
1140 3570 1224 3632 πατὴρ
1240 3569 1291 3621 utdr
1303 3572 1403 3632 ὅλη...

250 3645 304 3694 said
318 3652 345 3695 tc
360 3663 499 3711 occupyan
514 3645 686 3695 intermediam
697 3647 805 3711 position
854 3651 979 3708 καθέζεται
1002 3651 1041 3697 οὖν
1061 3651 1134 3709 μέσον
1155 3652 1199 3710 rire
1223 3652 1284 3714 θληι
1306 3657 1346 3704 καὶ
1366 3656 1405 3704 τοῦ

249 3727 362 3777 between
378 3730 422 3778 the
439 3729 517 3794 Deity
533 3729 584 3777 and
604 3734 709 3790 matter;
730 3731 751 3779 it
766 3736 804 3794 ty·
854 3733 944 3792 πατρὸς
961 3732 973 3781 d
991 3731 1044 3791 vtes,
1058 3733 1072 3780 θ
1085 3733 1166 3793 λόγος,
1184 3734 1268 3795 ὀθφιι
1284 3738 1322 3786 del
1337 3739 1403 3787 κινοθ

248 3807 323 3871 pified
340 3808 392 3858 also
406 3811 449 3859 the
465 3811 614 3861 immaterial
632 3812 707 3860 world
725 3813 753 3861 cf
768 3814 804 3862 in·
852 3830 920 3873 μενος
931 3812 989 3874 πρὸς
1000 3816 1109 3873 ἀκίνητον
1119 3814 1161 3863 τὸν
1168 3818 1273 3879 πατέρα,
1285 3821 1326 3868 καὶ
1336 3838 1405 3869 τινοιν·

248 3889 345 3949 tellect;
367 3907 395 3939 so
412 3891 583 3942 Hffrocrrus
599 3894 742 3944 introduces
761 3897 804 3944 the
852 3897 925 3956 μένην
941 3898 986 3955 τὴν
1008 3897 1073 3957 thir,
1097 3898 1347 3951 καὶ....έιιτυτοῢτιιι
1366 3904 1407 3952 τὰς

248 3971 382 4036 preceding
400 3989 505 4038 passage
523 3976 585 4023 with
604 3976 645 4024 the
663 3977 743 4026 words
762 3979 803 4039 ιᾴ·
855 3981 918 4028 ἰθέας
936 3977 985 4028 ἀπὸ
1006 3981 1049 4026 τοῦ
1068 3981 1124 4039 υἱοῦ,
1145 3981 1173 4029 dr
1196 3982 1210 4030 d
1233 3981 1282 4033 vids
1301 3985 1351 4034 ἀπὸ
1368 3987 1408 4034 τοῦ

248 4054 316 4114 κείνῳ
331 4055 395 4113 μόνην
409 4056 445 4114 τῷ
458 4056 515 4103 νέας
533 4056 672 4105 ἀνακεῖσθαι
683 4060 732 4106 πᾶν
743 4058 805 4120 ἱερὸν
854 4063 943 4122 πατρὸς
966 4061 1117 4110 emerere.
1142 4073 1169 4111 v.
1191 4076 1230 4125 17.
1267 4065 1347 4132 Upon
1367 4068 1408 4117 the
1431 4103 1434 4107 -

247 4135 288 4185 sal
307 4135 390 4183 πᾶσαν
412 4137 514 4194 τελετὴν
532 4137 573 4184 sul
595 4139 645 4185 τᾶν
663 4141 801 4202 μυστήριον.
851 4143 953 4192 relative
966 4147 1048 4192 tenete
1065 4144 1094 4192 of
1107 4145 1151 4194 the
1167 4144 1285 4210 Ophites,
1301 4149 1405 4210 Parata,

246 4214 300 4264 'l'he
311 4215 409 4265 Per-atre
424 4216 536 4266 affirmed
547 4217 603 4266 that
614 4219 635 4267 it
646 4220 803 4284 represented
850 4224 901 4274 and
923 4224 1046 4286 Sethians,
1067 4227 1110 4275 the
1128 4227 1217 4277 reader
1233 4246 1296 4297 may
1313 4234 1408 4285 consult

246 4300 290 4349 the
302 4300 393 4364 Logos,
407 4300 492 4349 οὐδεὶς.
500 4335 506 4348 .
514 4335 520 4347 .
527 4336 533 4349 .
541 4300 666 4358 δυνάμενοι
677 4303 756 4351 coen
763 4305 803 4351 rel
850 4305 894 4354 the
905 4304 1031 4370 prefatory
1042 4307 1161 4359 remarks.

245 4379 366 4441 ῥύσασθαι
379 4382 435 4431 τούς
449 4383 646 4444 ένιπορευομένους
661 4384 688 4432 έκ
704 4385 750 4444 γῆς
761 4386 802 4432 Δὶ·
899 4385 910 4416 ¹
926 4387 970 4437 ie.
983 4403 1000 4436 α
1011 4389 1155 4450 reportem,
1169 4407 1195 4454 p.
1206 4402 1264 4453 νη.

245 4464 350 4523 vitreo,
374 4464 500 4512 τουτέστιν
522 4464 548 4512 έιι
574 4465 685 4522 σώματος
707 4467 748 4512 καὶ
776 4467 803 4515 ένι
899 4466 1146 4533 ⁸Neisexpunged,
1156 4472 1200 4518 the
1211 4473 1326 4527 Auum
1339 4478 1409 4528 ulons

242 4544 315 4594 τοθθι
325 4547 371 4596 τοῦ
381 4546 482 4612 κόσμου,
497 4547 517 4598 el
528 4547 562 4610 μὴ
574 4547 642 4610 μονον
654 4535 667 4597 b
677 4548 804 4610 rhenani
849 4549 897 4598 hss
906 4549 946 4607 tt,
960 4549 1004 4598 the
1019 4551 1091 4598 other
1101 4550 1179 4602 MSS.
1192 4556 1259 4605 omit
1271 4557 1303 4609 it.
