2954 4986
239 306 305 368 348
582 319 802 372 PanABOLAE
829 318 1045 371 som’ENDAE

77 493 130 578 gip
136 492 231 576 ,tl-{ffl-
242 471 387 556 copulare
401 471 648 537 absolutionibus
663 473 889 559 parabolarum,
906 495 983 559 quas
998 471 1217 558 unusquisqne
1232 476 1321 556 prout
1334 464 1392 533 vult

93 585 214 668 wll·
243 574 437 647 adinvenit¹;
475 574 520 639 sio
550 575 634 639 enim
662 577 746 662 apud
775 576 894 639 nullum
923 576 984 640 erit
1013 576 1124 663 regula
1154 573 1316 644 veritatis;
1345 571 1393 634 sed

83 704 231 714 ---
243 679 352 762 quanti
367 678 480 743 fuerint
499 679 549 765 qni
572 679 732 744 absolvent
747 680 920 766 parabolas,
941 687 1038 743 tantae
1053 679 1246 743 videbuntur
1259 675 1394 740 ueritates

242 789 417 867 pugnantes
443 791 542 846 semet
568 782 710 858 invicem,
735 791 767 846 et
794 782 949 846 contraria
975 782 1099 845 sibimet
1126 781 1280 866 dogmata
1303 787 1395 841 statu-

240 893 339 960 entes,
376 884 456 947 sicut
485 893 518 949 et
546 885 709 971 gentilium
741 885 995 970 philosophorum
1032 883 1237 969 quaestiones.
1293 880 1394 965 Itaque

240 987 410 1049 secundum
436 986 516 1050 hanc
542 987 704 1062 rationem,
729 987 822 1050 homo
852 987 977 1073 quidem
1004 1009 1128 1070 semper
1156 985 1295 1070 inquiret
1324 1004 1393 1045 nun·

242 1109 334 1172 quam
356 1097 461 1152 autem
480 1088 624 1165 inveniet,
648 1111 685 1153 eo
707 1090 790 1175 quod
805 1090 905 1174 ipsam
928 1089 1115 1154 inventionis
1137 1088 1291 1173 abjecerit
1312 1086 1395 1150 disci·

76 1204 222 1301 maras
242 1188 367 1274 plinam.
417 1190 461 1254 Et
480 1192 687 1255 cumvenerit
710 1192 860 1277 Sponsus,
883 1192 910 1255 is
931 1191 982 1277 qui
1004 1192 1192 1276 imparatam
1212 1191 1309 1253 habet
1327 1189 1394 1252 lam·

242 1293 363 1376 padem,
379 1294 462 1357 nulla
477 1294 631 1359 manifesti
647 1295 772 1359 luminis
788 1295 929 1360 claritate
949 1294 1130 1381 fulgentem,
1147 1293 1281 1358 recurrit
1294 1293 1334 1356 ad
1347 1314 1394 1356 eos

241 1394 293 1479 qui
319 1393 530 1459 absolutiones
553 1396 768 1480 parabolamm
795 1396 827 1459 in
853 1396 990 1461 tenebris
1011 1395 1200 1473 distrahunt,
1226 1394 1394 1480 relinquens

242 1517 313 1559 eum
341 1497 392 1583 qui
419 1520 474 1583 per
500 1500 695 1563 manifestam
726 1500 979 1585 praedicationem
1009 1498 1109 1585 gratis
1136 1499 1236 1562 donat
1263 1497 1303 1560 ad
1330 1519 1394 1560 eum

243 1597 426 1684 ingressum,
442 1607 474 1663 et
489 1601 663 1664 excluditur
677 1623 696 1664 a
711 1601 848 1664 thalamo
863 1602 941 1686 ejus.

310 1704 339 1764 2.
386 1700 464 1765 Ounr
489 1702 595 1786 itaque
615 1702 766 1767 universae
791 1701 972 1787 Scripturae,
989 1708 1022 1764 et
1043 1701 1225 1787 prophetiae,
1243 1709 1277 1765 et
1299 1701 1395 1765 Evau-

242 1802 332 1888 gelia,
357 1802 389 1865 in
414 1813 532 1889 aperto,
559 1811 591 1868 et
620 1804 686 1868 sine
715 1804 931 1890 ambiguitate,
958 1812 991 1868 et
1016 1804 1159 1869 similiter
1186 1806 1226 1868 ab
1258 1805 1395 1869 omnibus

243 1906 343 1970 audiri
359 1908 479 1992 possint
494 1908 553 1971 etsi
569 1930 631 1972 non
652 1930 761 1972 ornnes
781 1908 921 1986 credunt,
939 1930 1033 1971 unum
1057 1916 1089 1971 et
1111 1908 1212 1972 solum
1230 1908 1344 1984 Deum,
1358 1908 1394 1970 ad

242 2009 451 2075 excludendos
463 2011 549 2087 aliosi,
566 2012 736 2096 praedicent
751 2011 857 2075 omnia
871 2011 981 2075 fecisse
996 2034 1051 2096 per
1063 2010 1205 2075 Verbum
1220 2033 1323 2088 suum,
1337 2011 1396 2074 sire

242 2112 386 2191 visibilia,
409 2114 474 2177 sive
494 2114 667 2192 invisibilia,
683 2114 747 2178 sive
762 2115 911 2191 coelestia,
931 2115 996 2183 sive
1011 2123 1143 2192 terrena,
1159 2115 1224 2180 sive
1240 2115 1394 2201 aquatilia,

240 2214 305 2279 sive
320 2217 531 2295 subterranea,
547 2217 629 2282 sicut
643 2217 925 2281 demonstravimus
941 2239 981 2280 ex
997 2217 1072 2302 ipsis
1089 2217 1322 2302 Scripturarum
1338 2217 1396 2280 dio·

240 2319 391 2395 tionibus;
416 2329 449 2385 et
474 2321 542 2406 ipsa
567 2330 673 2386 autem
695 2329 836 2385 creatura
858 2320 890 2383 in
914 2343 975 2407 qua
998 2344 1116 2400 sumus,
1139 2344 1195 2406 per
1215 2344 1254 2386 ea
1276 2344 1346 2408 quae
1366 2322 1396 2384 in

240 2431 402 2506 aspectum
415 2423 551 2500 veniunt,
564 2425 623 2488 hoo
640 2424 741 2510 ipsum
757 2432 904 2501 testante,
926 2447 1022 2487 unum
1044 2446 1112 2488 esse
1133 2425 1186 2510 qui
1206 2447 1278 2489 eam
1294 2423 1396 2489 fecerit

240 2533 274 2589 et
296 2534 393 2612 regat,
417 2527 506 2591 valde
527 2528 656 2591 hebetes
674 2528 878 2612 apparebunt,
898 2527 951 2614 qui
973 2529 1013 2591 ad
1035 2535 1101 2591 tam
1117 2527 1256 2592 lucidam
1272 2529 1395 2614 adaper-

240 2626 358 2692 tionem
381 2631 549 2694 caecutiunt
571 2631 687 2707 oculos,
712 2639 745 2694 et
770 2629 879 2694 nolunt
901 2630 1004 2695 videre
1025 2630 1130 2695 lumen
1155 2631 1394 2716 praedicationis,

240 2729 296 2792 sed
312 2731 529 2818 constringunt
541 2730 735 2816 semetipsos,
756 2739 788 2794 et
806 2754 862 2817 per
883 2734 1064 2796 tenebrosas
1078 2733 1296 2819 parabolamm
1312 2734 1395 2797 abso

240 2829 374 2896 lntiones
390 2833 600 2919 unusquisque
615 2855 721 2898 eorum
736 2834 894 2919 proprium
909 2843 999 2919 putat
1017 2836 1171 2899 invenisse
1188 2836 1305 2901 Deum.

306 2938 336 2999 3.
384 2935 466 3016 Quia
491 2935 574 2999 enim
603 2937 642 3000 de
666 2936 846 3022 excogitato
877 2959 982 3002 eorum
1007 2937 1059 3024 qui
1088 2939 1245 3002 contraria
1273 2939 1395 3024 opinan-

239 3044 292 3100 tur
307 3037 413 3116 Patre,
429 3037 505 3101 nihil
527 3048 645 3123 aperte,
666 3043 784 3122 2neque
803 3038 872 3125 ipsa
893 3040 1040 3120 dictione,
1063 3063 1163 3126 neque
1185 3041 1254 3106 sine
1277 3049 1397 3106 contro·

239 3140 349 3218 versia,
377 3141 408 3205 in
436 3141 519 3205 nulla
541 3140 667 3204 omnino
693 3140 811 3205 dictum
835 3143 877 3206 sit
901 3143 1072 3228 Scriptura,
1097 3152 1130 3208 et
1156 3144 1217 3229 ipsi
1244 3151 1397 3209 testantur

239 3244 389 3321 dicentes,
411 3244 442 3307 in
457 3247 610 3311 absconso
624 3245 691 3310 hacc
706 3246 816 3310 eadem
833 3246 1022 3311 Salvatorem
1045 3247 1186 3311 docuisse
1202 3269 1265 3311 non
1281 3267 1395 3323 omnes,

238 3346 294 3409 sed
308 3346 445 3432 ³aliquos
460 3347 689 3432 discipulomm,
700 3348 752 3433 qui
765 3357 896 3432 possunt
908 3371 1027 3434 capere,
1040 3358 1072 3414 et
1088 3371 1144 3435 per
1158 3357 1353 3435 argumenta,
1365 3356 1396 3412 et

238 3449 417 3534 aenigmata,
434 3456 466 3511 et
481 3449 643 3533 parabolas
654 3451 694 3512 ab
710 3472 747 3513 eo
762 3451 938 3537 significata
953 3452 1206 3540 intelligentibus.
1256 3451 1395 3515 Veniunt

240 3558 345 3614 autern
361 3551 486 3626 adhoc,
502 3559 537 3614 ut
553 3550 667 3629 dicant,
682 3550 776 3615 alium
792 3554 916 3639 quidem
939 3578 1007 3620 esse
1028 3556 1080 3641 qni
1096 3555 1285 3640 praedicatur
1300 3555 1392 3628 Deus,

238 3663 271 3721 et
297 3656 391 3721 alium
420 3656 559 3734 Patrem,
590 3655 642 3742 qui
672 3678 726 3743 per
753 3659 916 3743 parabolas
945 3669 977 3725 et
1006 3661 1176 3747 aenigmata
1201 3661 1393 3747 significatur

286 3861 666 3931 ¹Somethingcondemnatory
677 3871 745 3915 must
762 3865 792 3915 be
842 3867 885 3917 the
902 3869 1009 3918 Anunn.
1031 3867 1080 3917 aud
1099 3866 1187 3917 Mauo.
1204 3881 1235 3918 11.
1258 3869 1335 3919 MSS.
1368 3868 1392 3916 It

236 3946 356 4010 supplied,
370 3947 506 3994 maurum
517 3956 563 4003 est,·
580 3965 614 4009 or,
624 3951 737 4013 perhaps,
750 3951 793 3999 the
841 3950 863 3998 is
885 3966 918 3999 no
940 3952 1063 4014 marginal
1087 3952 1161 4000 Glosa
1184 3968 1211 4000 as
1234 3953 1278 4000 the
1300 3952 1391 4013 foreign

236 4044 306 4076 senae
318 4044 368 4076 was
380 4026 473 4076 carried
485 4046 518 4076 on
529 4027 627 4093 beyond
639 4033 681 4080 the
693 4038 792 4096 present
841 4029 933 4080 editors
956 4031 1070 4096 imagine,
1091 4033 1137 4082 but
1155 4034 1199 4081 the
1216 4034 1297 4082 literal
1316 4038 1390 4081 trans·

235 4111 321 4173 period
328 4128 335 4170 3
352 4126 370 4160 e.
377 4126 401 4172 p.
424 4109 499 4159 οὕτως
515 4112 561 4171 ἄρα
579 4110 644 4175 [Int.
658 4113 718 4177 γὰρ]
737 4110 788 4172 μετ’
840 4112 918 4160 lation
939 4113 967 4159 of
987 4115 1116 4172 αὐτολεξεί.
1160 4114 1206 4162 See
1225 4131 1250 4177 p.
1272 4126 1327 4175 347,
1348 4113 1388 4161 Gr.

235 4194 325 4243 οὐδενὸς
345 4209 435 4253 nna,
461 4193 541 4241 which
567 4193 626 4241 then
650 4195 726 4243 forms
748 4196 790 4243 tha
840 4195 928 4258 fragm.

234 4275 354 4324 ἀπόδοσις.
888 4275 899 4306 ³
922 4276 1023 4339 aliquos,
1048 4278 1090 4325 tha
1112 4277 1212 4326 Carnu.
1241 4278 1299 4327 MS.
1324 4276 1389 4325 reads

283 4355 383 4419 ’nequa
405 4357 461 4419 ipro
489 4357 598 4417 dictione,
628 4358 732 4407 omitted
755 4359 789 4423 by
838 4357 961 4420 quosdam.
999 4359 1051 4407 Tha
1074 4360 1156 4407 Greek
1178 4376 1237 4424 may
1259 4361 1323 4408 bara
1344 4357 1388 4407 had

234 4436 343 4495 (lanam,
376 4437 466 4497 Voss,
500 4440 585 4488 Mass.
619 4441 668 4487 and
700 4440 786 4488 Sumit.
839 4443 903 4499 πλὴν
917 4443 1004 4490 ἄλλους
1018 4458 1090 4500 τινας,
1108 4441 1213 4489 andthe
1229 4442 1304 4490 Latin
1318 4440 1385 4503 origi·

233 4517 278 4564 but
296 4519 425 4580 proaorved
444 4519 478 4583 by
497 4522 599 4582 Graan,
619 4538 646 4570 as
665 4523 741 4570 found
762 4523 785 4569 in
837 4523 911 4585 nally,
926 4522 1038 4571 sedulior
1050 4524 1172 4586 paruam.
