2954 4986
240 351 307 417 310
628 365 707 420 non
734 367 801 421 asr
826 367 869 420 ΙΝ
894 367 993 422 noco

105 537 158 622 app
171 538 201 622 p.
241 517 339 583 Pater
351 517 428 583 Nus
462 516 599 584 Necesse
613 525 663 584 est
677 519 783 605 itaque
797 525 830 584 et
843 540 915 584 eum
930 519 982 605 qui
997 541 1038 584 ex
1052 539 1090 584 eo
1105 524 1156 584 est
1173 517 1385 605 Log0s,immo

76 615 228 716 ‘'Rssffl'·
242 620 343 706 magis
356 627 462 684 autem
480 619 582 706 ipsum
598 620 683 698 Nun,
698 642 770 685 cum
783 621 826 685 sit
847 621 962 706 Logos,
978 622 1151 706 perfectum
1173 629 1208 685 et
1227 621 1385 706 impassibi-

111 722 161 759 Νι
170 723 188 766 ⁷·
241 720 303 784 lem
317 742 405 795 esse;
429 729 463 785 et
484 743 538 786 eas
558 743 627 805 quse
646 742 686 785 ex
702 744 740 787 eo
754 729 828 786 sunt
849 721 1040 798 emissiones,
1055 722 1200 808 ejusdem
1215 723 1386 786 substantie

241 845 313 887 cum
342 822 406 887 sint
435 823 524 907 cujus
553 831 586 887 et
614 827 691 907 ipse,
722 823 886 907 perlectas,
915 831 949 887 et
971 822 1189 908 impassibiles,
1218 832 1253 887 et
1278 843 1387 907 semper

240 922 357 989 similes
381 945 453 988 cum
481 946 519 989 eo
546 945 751 1009 perseverare,
774 924 826 1008 qui
856 945 910 988 ess
940 923 1053 988 emisit.
1108 924 1185 988 Non
1214 923 1311 1011 igitur
1329 926 1387 1009 jam

242 1027 349 1114 Logos
367 1028 454 1111 quasi
469 1027 597 1091 tertium
618 1026 758 1090 ordinem
776 1025 986 1110 generationis
1003 1026 1123 1091 habeus
1142 1027 1317 1113 ¹ignoravit
1334 1028 1387 1091 Pa·

240 1138 332 1208 trem,
357 1130 616 1216 quemadmodum
636 1130 750 1194 docent
770 1128 819 1192 hi:
843 1128 903 1193 hoc
925 1129 1009 1193 enim
1030 1129 1065 1192 in
1086 1129 1252 1194 hominnm
1274 1130 1387 1215 quidem

240 1234 440 1320 generatione
469 1233 602 1296 fortasse
633 1225 795 1317 putabitur
819 1232 984 1297 verisimile
1013 1254 1092 1311 esse,
1131 1256 1170 1298 eo
1201 1234 1287 1318 quod
1314 1254 1387 1318 saepe

239 1339 385 1424 ignorant
396 1358 470 1401 suos
484 1343 648 1422 parentes;
673 1337 705 1399 in
726 1336 815 1422 Lego
835 1345 942 1400 antem
958 1337 1064 1401 Patris
1082 1337 1266 1403 omnimodo
1285 1339 1387 1424 impos
1398 1351 1438 1392 νιν

239 1439 329 1504 sibile
343 1446 403 1503 est.
447 1437 481 1504 Si
496 1437 579 1502 enim
593 1437 749 1502 exsistens
767 1437 800 1500 in
816 1439 912 1502 Patre
927 1440 1090 1525 cognoscit
1104 1440 1191 1505 hunc
1212 1441 1248 1504 in
1263 1462 1325 1525 quo
1336 1446 1386 1516 est,

240 1541 300 1606 hoc
315 1550 365 1606 est
378 1540 580 1626 semetipsum
595 1561 658 1605 non
672 1540 814 1626 ignorat:
838 1549 871 1605 et
886 1563 956 1625 quae
970 1543 1011 1606 ab
1026 1543 1085 1607 hoc
1104 1551 1182 1607 sunt
1203 1543 1386 1619 emissiones,

239 1643 372 1708 virtutes
386 1643 454 1728 ejus
468 1642 665 1720 exsistentes,
681 1650 714 1706 et
728 1664 851 1727 semper
864 1643 893 1708 ei
908 1644 1102 1722 assistentes,
1122 1666 1189 1709 non
1207 1644 1387 1731 ignorabunt

239 1767 312 1811 eum
326 1746 379 1832 qui
398 1767 433 1810 se
451 1745 565 1823 emisit,
580 1745 840 1831 quemadmodum
861 1768 919 1811 nec
940 1747 1019 1811 radii
1040 1747 1149 1812 solem.
1195 1744 1294 1813 'Non
1314 1746 1388 1831 capit

238 1847 335 1934 igitur
352 1848 414 1913 Dei
434 1847 593 1933 Sophiam,
613 1869 683 1912 eam
702 1870 772 1932 quse
796 1848 878 1913 intra
900 1849 1044 1914 Pleroma
1061 1857 1120 1928 est,
1141 1872 1216 1915 cum
1237 1850 1283 1915 sit
1302 1871 1322 1914 a
1341 1847 1388 1912 tali

238 1950 413 2028 emissione,
427 1951 486 2014 sub
500 1948 643 2035 passione
654 1949 813 2028 cecidisse,
828 1959 861 2015 et
875 1951 969 2016 talem
983 1952 1193 2039 ignorantiam
1207 1952 1387 2038 concepisse.

240 2051 395 2116 Possibile
409 2061 459 2117 est
472 2061 589 2127 autem,
601 2074 672 2116 eam
683 2075 752 2136 quae
764 2061 813 2117 est
827 2074 847 2117 a
861 2054 1030 2120 Valentino
1045 2055 1253 2141 Sapientiam,
1269 2076 1339 2120 eum
1351 2054 1387 2117 sit

239 2153 279 2220 de
294 2155 408 2220 diaboli
423 2156 599 2234 emissione,
614 2156 647 2219 in
665 2156 750 2221 omni
764 2157 908 2241 passione
931 2159 1029 2236 ³fieri,
1049 2166 1082 2223 et
1099 2159 1292 2243 profundum
1308 2158 1388 2244 igno

238 2257 349 2324 rantiae
378 2258 573 2322 fructificare.
620 2257 687 2322 Ubi
717 2259 801 2322 enim
829 2259 889 2343 ipsi
917 2260 1131 2325 testimouium
1160 2261 1327 2346 perhibent
1352 2258 1387 2321 de

238 2368 339 2427 matre
360 2384 428 2441 sua,
447 2363 585 2426 dicentes
606 2383 676 2426 eam
694 2361 813 2426 AEonis
826 2363 958 2428 errantis
971 2363 1207 2449 generationem
1227 2386 1309 2442 esse,
1326 2366 1386 2450 jam

238 2485 301 2528 non
316 2487 453 2551 quaerere
472 2470 594 2550 oportet
616 2485 753 2541 causam,
768 2471 1002 2548 propterquam
1015 2465 1070 2529 filii
1084 2465 1268 2553 hujusmodi
1287 2467 1387 2533 matris

237 2565 421 2651 ignorantiae
435 2588 558 2651 semper
572 2573 681 2630 natent
695 2565 727 2629 in
742 2566 904 2650 profundo.

302 2672 333 2734 3.
379 2669 501 2733 Praeter
515 2669 573 2732 has
586 2676 692 2731 autem
707 2667 888 2733 emissiones
899 2691 958 2756 ego
966 2669 1091 2754 quidem
1101 2674 1245 2757 jamnon
1256 2672 1386 2759 intellige

236 2770 366 2835 alteram
388 2792 480 2855 posse
502 2791 557 2834 eos
574 2770 696 2844 dicere;
718 2770 774 2833 sed
795 2792 835 2834 ne
857 2770 915 2854 ipsi
936 2771 1061 2855 quidem
1081 2774 1214 2839 alteram
1238 2776 1386 2860 quandam

236 2872 456 2959 proprietatem
481 2872 627 2936 emissam
652 2870 817 2935 reddentes
840 2872 1015 2956 aliquando,
1041 2876 1159 2961 cogniti
1189 2887 1266 2942 sunt
1294 2876 1384 2951 nobis,

235 2975 309 3041 licet
322 2975 411 3040 valde
424 2974 555 3039 multam
570 2974 609 3038 de
621 2973 797 3058 hujusmodi
805 2974 967 3059 speciebus
976 2977 1182 3060 quaestionem
1192 2979 1385 3044 habuerimus

235 3100 307 3144 cum
322 3079 386 3143 eis:
410 3078 469 3144 hoc
483 3086 589 3142 autem
604 3076 704 3141 solum
719 3076 836 3154 dieunt,
852 3077 998 3160 quoniam
1017 3079 1122 3143 emissi
1137 3091 1213 3145 sunt
1228 3084 1384 3168 unusquis·

235 3203 295 3265 qne
315 3181 446 3259 illorum,
468 3189 501 3244 et
523 3180 607 3244 illurn
625 3185 749 3243 tanturn
763 3179 963 3264 ⁴cognovisse
981 3180 1033 3264 qui
1054 3202 1089 3246 se
1110 3183 1226 3262 emisit,
1246 3186 1384 3272 ignorans

234 3293 341 3348 autem
362 3307 434 3349 eum
457 3284 509 3367 qui
531 3292 605 3347 ante
626 3282 712 3345 illum
734 3289 794 3345 est.
832 3281 908 3345 Jam
927 3305 989 3347 non
1004 3292 1110 3349 autem
1124 3308 1198 3350 cnm
1212 3289 1383 3353 ostensione

233 3387 482 3472 progrediuntur,
498 3385 757 3468 quemadmodum
773 3384 878 3450 emissi
892 3394 976 3465 sunt,
988 3395 1043 3452 aut
1058 3391 1215 3473 quomodo
1230 3393 1316 3478 capit
1328 3391 1384 3458 tals

234 3649 254 3683 ι,
261 3649 285 3696 9.
298 3632 459 3698 Empedocles
471 3649 528 3696 says
539 3633 568 3680 of
575 3633 618 3681 the
629 3632 713 3696 Deity,
838 3635 882 3683 Pr.
902 3636 987 3686 Plued.
1004 3639 1074 3697 μόνον
1090 3643 1139 3690 τῶν
1153 3642 1230 3691 ὄντων
1245 3646 1337 3694 ἁπλοῦν
1350 3646 1384 3693 ml

235 3717 262 3763 οὐ
272 3717 316 3773 μὲν
326 3716 375 3777 γὰρ
385 3715 474 3777 βροτέῃ
485 3714 582 3776 κεφαλῇ
598 3715 661 3762 κατὰ
676 3715 735 3774 γυῖα
749 3714 786 3762 κέ·
838 3718 915 3778 ἀμιγῆ
927 3721 966 3766 καὶ
977 3718 1087 3783 καθαρόν.
1119 3725 1213 3774 Amas.
1227 3726 1318 3776 dedra.
1328 3739 1346 3776 1.
1355 3742 1374 3774 ο.

300 3797 544 3846 emm-Ammon.
558 3797 584 3844 in
595 3797 688 3844 ΑΒΜ,
699 3813 724 3843 π.
734 3797 785 3857 ἐρμ.
886 3798 895 3829 ¹
913 3800 970 3848 Nus
989 3802 1060 3850 alone
1079 3807 1279 3869 comprehended
1296 3810 1338 3858 the
1354 3825 1385 3856 sr-

235 3880 277 3927 οὐκ
299 3881 366 3927 ἔστιν
392 3878 530 3928 πελασασθ·
556 3876 606 3926 οὐδ’
628 3878 787 3940 ὀφθαλμοῖσιν
836 3895 907 3929 senes
925 3883 954 3929 ol
970 3884 1013 3931 the
1031 3884 1132 3945 Father,
1157 3904 1182 3950 p.
1200 3903 1216 3952 9
1223 3907 1231 3948 ;
1250 3891 1283 3955 he
1300 3890 1384 3939 wished

300 3961 397 4021 ἐφικτὸν
835 3966 862 4008 tc
881 3962 971 4026 impart
989 3965 1039 4013 this
1056 3967 1204 4032 knowledge
1221 3975 1250 4018 to
1265 3967 1308 4020 the
1322 3973 1385 4020 other

234 4040 390 4104 ἡμετέροιο,ἧ
400 4043 470 4104 χερσὶ
481 4041 655 4103 ledeia-Cn.
666 4040 714 4088 AL.
725 4039 750 4089 S.
759 4052 784 4088 v.
835 4043 924 4104 AEons,
937 4047 983 4094 but
997 4063 1047 4095 was
1060 4050 1199 4098 restraincd
1217 4052 1253 4116 by
1273 4053 1337 4117 Siga,
1351 4065 1382 4113 13.

235 4127 301 4173 ἀλλὰ
322 4126 386 4187 φρὴν
408 4125 457 4186 ἱερὴ
480 4126 520 4172 καὶ
540 4124 677 4183 ἀθέσφατος
697 4124 786 4170 ἔπλετο
835 4125 889 4174 The
901 4127 980 4176 AEons
997 4129 1054 4177 that
1071 4133 1204 4181 emanated
1221 4134 1289 4184 from
1301 4136 1382 4200 Logm,

299 4209 383 4265 μοῦνον
835 4223 898 4256 were
911 4210 964 4256 κατ’
977 4212 1065 4271 οὐσίαν,
1079 4218 1124 4260 not
1136 4217 1201 4264 rard
1211 4220 1310 4277 γνῶσιν.

234 4289 344 4351 φρόντισι
375 4290 462 4346 κόσμον
493 4289 592 4335 ἅπαντα
619 4286 786 4334 aratrorum
884 4289 968 4338 ¹Nora
979 4292 1044 4354 capit
1058 4310 1085 4340 as
1097 4294 1232 4346 elsewhere
1247 4299 1286 4348 for
1300 4303 1342 4349 οὐκ
1356 4301 1383 4347 ἐν

299 4372 521 4433 defice—Ammon.
534 4370 559 4416 in
571 4370 622 4416 Aa.
636 4386 662 4415 π.
673 4368 724 4428 ἑρμ.
834 4371 939 4430 δέχεται,
952 4372 1006 4419 sub.
1020 4374 1048 4419 τὸ
1059 4373 1148 4432 λέγειν.

233 4446 397 4509 Anaxagoras
414 4448 504 4510 taught
521 4448 577 4495 that
592 4447 634 4494 the
646 4446 723 4510 Dcity
734 4463 785 4496 was
885 4448 895 4481 ²
907 4452 972 4512 ficri,
985 4455 1107 4512 γενέσθαι.

235 4527 298 4576 Νοῦς
313 4528 326 4576 ὁ
339 4530 473 4589 διακοσμῶν
488 4546 516 4576 τε
533 4530 572 4576 καὶ
590 4528 685 4575 πάντων
702 4531 783 4578 αἴτιος.
884 4532 895 4562 ⁴
911 4534 964 4581 The
975 4540 1077 4583 context
1088 4536 1201 4599 requires
1213 4540 1353 4603 monereris.
