2954 4986
388 345 391 349 ⁴
446 334 727 389 uurvnssonun
755 337 891 392 runco.
1175 322 1241 389 269

153 489 186 554 3.
203 504 206 508 ·
230 486 346 552 Adhuc
360 487 504 567 etiamsi
519 489 689 554 secundum
701 489 933 556 similitudinem
942 489 1012 555 haec
1024 489 1144 556 illorum
1159 489 1243 556 iacta
1254 510 1343 596 cpppi
1352 511 1403 596 li*

85 599 173 667 sunt,
189 591 241 655 illa
259 614 365 657 rursus
383 592 424 657 ad
444 615 573 680 quorum
596 594 829 659 similitudinem
844 600 936 659 eruut
950 594 1055 659 factal
1099 594 1133 659 Si
1158 594 1242 658 enim
1270 584 1388 689 flffi'fffi

86 696 195 760 mundi
214 696 381 761 fabricator
402 720 465 763 uon
486 719 507 762 a
527 698 696 783 semetipso
717 698 792 763 fecit
812 699 891 775 haec,
906 697 962 763 sed
980 698 1242 785 quemadmodum
1257 730 1405 741 ——--—-

87 799 200 863 nullius
215 800 364 865 momenti
378 801 501 877 artifex,
517 809 550 864 et
563 801 651 886 quasi
673 801 807 887 primum
821 801 945 866 discens
962 823 1048 886 puer,
1069 800 1109 865 de
1130 800 1241 866 alienis

86 902 264 988 archetypis
279 904 447 980 transtulit,
464 903 604 990 ¹Bythus
619 903 757 989 ipsorum
779 904 862 968 unde
885 904 995 968 habuit
1014 904 1151 990 speciem
1173 904 1241 989 ejus

87 1006 329 1092 quamprimum
349 1006 454 1071 emisit
472 1007 706 1092 dispositionis!
742 1007 943 1092 Consequens
964 1015 1011 1072 est
1034 1007 1138 1093 igitur,
1154 1006 1241 1070 illum

86 1108 128 1171 ab
152 1109 249 1174 altero
276 1110 421 1195 quodam,
443 1110 495 1197 qui
521 1132 615 1195 super
643 1132 715 1174 eum
739 1118 798 1186 est,
821 1109 996 1195 exemplum
1017 1109 1184 1194 accepisse,
1207 1116 1241 1173 et

86 1210 173 1274 illum
188 1233 295 1276 rursus
311 1213 352 1276 ab
366 1212 474 1277 altero.
521 1212 566 1276 Et
587 1211 788 1278 nihilominus
806 1210 838 1276 in
852 1212 1037 1276 immensum
1057 1210 1181 1275 excidet
1201 1211 1240 1275 de

87 1312 276 1400 imaginibus
300 1336 419 1380 senno:
447 1315 705 1401 quemadmodum
729 1315 822 1380 etde
849 1315 930 1392 Diis,
949 1314 976 1379 si
999 1337 1061 1380 non
1081 1315 1241 1379 fixerimus

85 1436 211 1480 sensum
227 1417 259 1480 in
274 1440 368 1482 unum
384 1419 545 1497 artificem,
560 1419 639 1484 etin
654 1441 750 1483 unum
769 1419 883 1496 Deum,
896 1419 949 1506 qui
960 1419 1156 1505 asemetipso
1167 1417 1242 1484 lecit

87 1539 125 1583 ea
140 1541 210 1605 quae
228 1519 312 1583 facta
330 1529 415 1587 suut.
460 1522 529 1586 Aut
547 1522 586 1586 de
605 1521 784 1586 hominibus
803 1522 926 1609 quidem
944 1521 1055 1608 aliquis
1076 1522 1240 1606 permittit,

86 1641 106 1684 a
121 1620 296 1706 semetipsis
311 1621 386 1687 utile
400 1622 515 1708 aliquid
530 1623 571 1686 ad
586 1623 680 1686 vitam
696 1623 908 1688 adinvenisse:
932 1623 960 1688 ei
973 1632 1078 1687 autem
1091 1622 1170 1699 Deo,
1186 1621 1240 1710 qui

86 1724 235 1787 mundum
251 1725 485 1804 consummavit,
501 1747 564 1789 nou
578 1725 730 1812 permittit
752 1747 773 1790 a
792 1726 959 1812 semetipso
978 1726 1089 1791 fecisse
1103 1725 1240 1811 speciem

85 1850 194 1893 eorum
219 1831 395 1917 quaefacta
420 1839 504 1908 sunt,
532 1839 565 1895 et
590 1830 841 1897 adinventionem
864 1841 983 1896 ornatae
1007 1830 1240 1917 dispositionis!

86 1930 184 1994 Unde
197 1940 304 1996 autem
318 1939 351 1995 et
370 1931 438 1996 haec
460 1931 582 1996 illorum
598 1932 759 2018 imagines,
775 1954 846 1997 cum
861 1933 925 1996 sint
944 1932 1005 1996 illis
1026 1931 1191 2009 contraria,
1207 1937 1241 1995 et

85 2032 118 2095 ia
136 2031 220 2096 nullo
245 2041 376 2118 possunt
402 2032 449 2097 eis
475 2033 722 2097 communicaret
767 2033 845 2115 Quae
869 2032 952 2098 enim
975 2041 1049 2096 sunt
1072 2032 1238 2110 contraria,

86 2157 204 2212 eorum,
216 2157 347 2221 quorum
362 2144 435 2200 sunt
450 2136 615 2213 contraria,
633 2158 701 2201 esse
717 2136 841 2223 quidem
855 2145 986 2222 possunt
1001 2135 1147 2211 exitiosa;
1163 2135 1240 2199 ima·

84 2237 176 2325 gines
190 2260 262 2304 vero
276 2238 375 2303 'nullo
390 2239 493 2318 modo,
507 2240 767 2326 quemadmodum
782 2260 863 2327 aqua
877 2239 952 2326 igni,
967 2247 1000 2304 et
1014 2261 1120 2305 rursus
1134 2239 1240 2303 lumen

85 2340 232 2419 tenebris,
248 2349 280 2406 et
293 2340 355 2406 alia
369 2343 483 2421 *tanta
501 2343 711 2430 ”nequaquam
726 2351 817 2407 erunt
833 2342 964 2408 invicem
983 2343 1145 2430 imagines.
1185 2342 1240 2408 Sic

85 2466 144 2508 nec
158 2465 197 2509 ea
210 2466 279 2531 quae
294 2453 368 2511 sunt
382 2445 600 2532 corruptibilia,
616 2454 649 2510 et
663 2455 795 2523 terrena,
811 2452 844 2510 et
865 2445 1047 2531 composita,
1063 2454 1096 2511 et
1112 2453 1239 2532 proeter·

85 2546 202 2626 euntia,
212 2571 328 2627 eorum,
340 2571 410 2636 quae
421 2548 591 2613 secundum
605 2570 659 2612 cos
673 2556 756 2626 sunt,
768 2547 953 2633 spiritalium
965 2547 1118 2635 imagines
1132 2556 1237 2612 emnt:

87 2648 147 2713 nisi
167 2659 200 2714 et
222 2651 290 2736 ipsa
313 2651 495 2737 composita,
520 2659 553 2714 et
576 2650 608 2714 in
627 2649 922 2735 circumscriptione,
944 2659 977 2715 et
998 2650 1032 2714 in
1053 2649 1240 2737 figuratione

86 2753 294 2818 confiteantur
307 2775 386 2832 esse,
402 2762 434 2817 et
449 2774 511 2818 nou
529 2753 597 2838 jam
618 2751 769 2839 spiritalia
791 2761 823 2816 et
842 2752 940 2817 effusa
961 2761 995 2818 et
1019 2752 1184 2840 locupletia
1205 2760 1240 2819 et

10 2881 61 2924 nu.
86 2854 416 2942 incomprehensibilia.
462 2855 599 2920 Necesse
624 2863 673 2920 est
693 2855 776 2920 enim
794 2877 832 2920 ea
853 2854 885 2918 in
905 2855 1088 2943 figuratione
1111 2877 1190 2932 esse,
1206 2863 1240 2920 et

86 2959 378 3044 circumscriptione,
394 2965 430 3023 ut
444 2958 508 3022 sint
521 2958 673 3044 imagines
689 2980 787 3022 verae:
811 2967 844 3022 et
858 2959 1035 3024 absolutum
1056 2967 1105 3022 est
1122 2980 1160 3023 ea
1175 2979 1239 3022 non

85 3086 155 3129 esse
177 3064 337 3150 spiritalia.
382 3064 417 3128 Si
430 3072 536 3128 autem
551 3063 604 3126 illa
617 3062 769 3148 spiritalia
783 3070 816 3126 et
831 3063 929 3127 effusa
951 3071 983 3126 et
1004 3062 1239 3148 incompreheu-

84 3168 188 3234 sibilia
204 3169 321 3248 dicunt,
338 3167 492 3254 quomodo
503 3173 645 3255 possunt,
657 3177 742 3252 ⁴quae
756 3172 831 3229 sunt
845 3165 879 3228 in
892 3165 1002 3251 ligura,
1014 3173 1047 3229 et
1062 3164 1094 3228 in
1108 3164 1239 3230 circum·

86 3397 136 3445 But
150 3395 237 3459 things
256 3393 354 3444 created
374 3410 415 3442 are
434 3394 636 3457 hetmogmeous,
736 3389 860 3440 ’Gaias
885 3405 950 3454 says,
973 3388 1044 3437 Talia
1065 3387 1106 3438 lic
1124 3388 1240 3440 ἅώιιίενα

85 3478 206 3527 therefore
217 3477 296 3527 either
309 3477 379 3525 these
390 3475 471 3524 AEons
485 3492 527 3524 are
543 3474 637 3522 hetero·
686 3473 787 3522 reddere
794 3473 922 3535 Interprcr.
935 3472 1013 3522 Groece
1021 3473 1135 3521 τοσαῦτα.
1151 3472 1240 3521 Suma-

85 3576 200 3623 geneous‚
218 3560 300 3608 which
318 3559 339 3607 is
357 3563 474 3622 contrary
489 3562 517 3605 to
534 3556 638 3620 theory;
687 3567 722 3602 uu
733 3554 861 3619 faithfully
876 3555 962 3603 echoes
975 3553 1017 3602 the
1033 3559 1099 3612 note,
1117 3554 1240 3618 although

84 3658 114 3690 or
141 3643 227 3705 things
255 3647 338 3690 create
368 3657 410 3689 are
445 3641 635 3702 homogeneous,
686 3636 749 3684 tolio
771 3637 792 3684 is
813 3637 848 3700 by
870 3653 903 3685 no
926 3651 1010 3684 means
1032 3636 1076 3684 the
1097 3637 1241 3699 equivalant

85 3725 165 3773 which
182 3725 203 3772 is
221 3730 337 3789 contrary
355 3730 382 3772 to
399 3723 458 3772 lact.
686 3717 724 3765 ior
742 3720 860 3767 τοσαῦτα.
899 3717 953 3766 Tho
968 3716 1101 3765 translator
1117 3733 1168 3766 was
1184 3734 1239 3782 pro·

133 3804 256 3854 ⁶Adonin.
293 3805 409 3853 &imissa
426 3804 491 3851 aster
506 3802 637 3850 Massusu
686 3799 903 3864 bablyrnialedby
918 3815 950 3847 au
968 3813 1036 3846 error
1051 3799 1078 3846 in
1095 3799 1138 3848 the
1156 3799 1239 3849 Greek

83 3884 638 3952 says,AEonisooncucqucmscriditIrenoeur
686 3885 748 3940 text,
773 3882 836 3930 from
859 3882 939 3930 which
960 3881 991 3929 he
1013 3882 1120 3943 worked,
1145 3883 1239 3947 having

80 3985 128 4031 pro
150 3969 281 4016 AEonibus.
323 3967 376 4015 'l'he
403 3966 545 4014 abbreviato
572 3965 636 4012 somn
686 3965 794 4012 τοσαῦτα
813 3963 911 4012 instead
933 3964 961 4011 ol
982 3963 1091 4013 coccina
1138 3965 1173 4014 Or
1195 3966 1238 4013 the

83 4050 182 4101 AEcna'd.
205 4066 264 4113 may
281 4065 351 4097 servs
369 4052 397 4096 to
414 4053 520 4096 account
536 4047 576 4096 ior
593 4046 636 4094 the
685 4047 790 4110 original
807 4062 865 4110 may
881 4046 945 4094 have
959 4047 1039 4107 stood,
1057 4049 1104 4096 ὅσα
1121 4049 1193 4095 ἀλλά.

83 4132 193 4194 reading,
228 4128 476 4179 nichomachus
489 4128 523 4188 ia,
537 4145 636 4177 συνακο·
735 4128 830 4176 ³uullo
852 4128 1138 4192 m-odo...sepuoquom,
1162 4130 1238 4178 οὐδενὶ

82 4214 337 4272 λουθησάντων...εἱς,
356 4209 543 4272 correspondinq
552 4210 617 4260 ινίὶΙι,
685 4211 932 4272 τρόπῳ...ου’δαμῶς.
967 4210 1005 4259 uf.
1019 4210 1097 4258 Phar.
1110 4210 1196 4258 Poros.
1209 4226 1235 4274 p.

132 4294 141 4328 ¹
167 4295 267 4360 Bythus
288 4293 383 4357 having
407 4291 565 4340 commenced
592 4293 636 4341 the
688 4290 742 4340 166.
773 4292 855 4341 τᾶλλα
865 4294 914 4340 τῶν
926 4294 960 4350 μὴ
971 4293 1044 4340 ὄντων
1059 4292 1134 4340 οὐδενὶ
1144 4293 1237 4351 οὐδαμῆ

83 4379 156 4429 series
172 4378 201 4428 ol
220 4378 381 4436 emanations,
401 4375 511 4437 καθάπερ
529 4375 634 4436 σπέρμα,
685 4375 791 4432 οὐδαμῶς
808 4375 917 4432 οὐδεμίαν
935 4373 1054 4420 κοινωνίαν
1071 4373 1129 4432 ἔχει.

83 4471 102 4509 1.
115 4461 131 4508 i.
148 4474 168 4521 ι,
189 4459 246 4509 held
264 4459 351 4508 within
368 4457 470 4507 himself
487 4457 530 4505 tho
552 4456 635 4505 arche·
733 4453 906 4517 ’Μηνὶ
941 4452 1152 4503 (lheOnusuonr
1168 4454 1236 4503 read·

84 4542 154 4607 typal
165 4558 234 4607 germ
245 4541 274 4591 os
281 4542 366 4604 things
377 4544 466 4590 neate.
500 4538 578 4589 Scec.
591 4554 633 4588 xx.
684 4538 729 4602 ing
750 4536 771 4585 is
796 4537 924 4598 inserted,
949 4537 995 4586 the
1021 4536 1116 4585 second
1132 4537 1244 4585 relativa
