2954 4986
255 327 320 393 250
627 343 700 395 mn.
720 345 760 394 11.
798 343 1011 396 anvnuro.

256 502 543 580 manifestavimus3
579 511 613 568 et
643 502 717 588 quia
743 525 824 568 unus
855 502 943 569 Deus
983 503 1141 579 eonditor,
1175 512 1211 570 et
1243 506 1319 591 quio
1348 529 1409 572 uon

256 602 486 688 postremitatis
512 603 644 682 fruetus,
673 610 706 667 et
735 602 809 688 quio
835 625 937 688 neque
964 626 1060 689 super
1082 603 1182 681 illum,
1208 626 1314 690 neque
1340 616 1409 691 post

256 725 328 767 eum
354 713 403 768 est
428 702 558 787 aliquid.
606 701 645 766 In
672 703 731 767 hoo
752 708 860 767 autem
884 702 966 768 libro
991 702 1193 780 instruemus,
1222 728 1296 791 quae
1321 707 1409 771 nobis

256 810 334 888 apto
354 811 438 876 sunt,
461 811 494 866 et
515 825 585 888 quae
606 802 767 888 permittit
790 810 926 888 tempus,
952 810 987 868 et
1008 811 1187 869 evertemus
1212 827 1271 890 per
1294 829 1408 892 magns

255 902 396 987 capitula
412 924 537 966 omnem
551 902 689 988 ipsorum
708 901 863 987 regulum:
884 909 1080 988 quapropter
1092 904 1177 990 quod
1190 905 1235 970 sit
1255 905 1408 971 'detectio

256 1008 290 1066 et
318 1001 437 1066 eversio
459 1003 627 1067 sententies
650 1001 801 1087 ipsorum,
826 1004 930 1088 operis
952 1003 1045 1088 hujus
1068 1004 1340 1090 conseriptionem
1365 1006 1409 1071 itu

256 1099 463 1166 titulavimus.
510 1100 650 1187 Oportet
673 1101 757 1166 enim
780 1101 981 1183 absconditas
1004 1102 1144 1188 ipsorum
1167 1104 1409 1190 conjugationes

256 1222 314 1286 per
338 1200 578 1266 manifestorum
602 1199 859 1288 conjugationum
881 1201 1032 1267 indicium
1056 1210 1091 1268 et
1113 1203 1313 1269 eversionem
1334 1206 1410 1292 ²By·

256 1299 348 1364 thum
371 1300 549 1377 dissolvere,
568 1307 602 1366 et
619 1300 768 1386 quoniam
788 1322 891 1388 neque
913 1301 1010 1366 fuerit
1026 1301 1209 1390 aliquando,
1231 1326 1338 1392 nequo
1359 1307 1408 1383 sit,

255 1400 397 1486 sooipere
414 1399 635 1466 ostensionem.

304 1591 313 1623 ¹
332 1591 447 1641 &smnus
458 1592 547 1640 inserts
558 1599 578 1640 et
591 1592 655 1641 from
670 1593 713 1641 the
726 1594 806 1644 Voss.
855 1608 909 1642 nem
920 1593 1054 1655 dissolvere,
1068 1602 1089 1644 st
1097 1595 1208 1661 Bython
1222 1600 1342 1660 quoniam
1353 1608 1406 1662 eto,

254 1674 323 1735 MS„
336 1676 383 1724 but
394 1675 414 1723 it
426 1675 446 1722 is
457 1675 538 1723 better
548 1690 627 1739 ewsy.
855 1676 901 1725 but
922 1677 1031 1743 possibly
1047 1678 1092 1726 the
1108 1679 1216 1743 psrtiote
1234 1688 1256 1729 a
1273 1697 1334 1746 may
1351 1685 1409 1733 have

303 1756 314 1789 ³
330 1758 424 1807 (ἔκηε
438 1772 552 1821 proposes
564 1773 580 1806 s
590 1759 766 1821 transposition
781 1760 810 1808 os
854 1758 975 1808 beenlost
984 1760 1042 1808 that
1051 1760 1140 1808 served
1151 1766 1178 1810 to
1190 1769 1300 1813 eonneot
1308 1765 1410 1828 upum

254 1842 297 1890 the
308 1840 376 1888 went
388 1839 504 1902 Byttum,
515 1840 565 1889 ond
576 1846 602 1890 to
617 1841 682 1901 read,
702 1841 806 1891 Eversio
855 1842 915 1892 with
925 1842 968 1891 the
978 1841 1112 1908 preeediug
1122 1847 1236 1896 context.
