2954 4986
548 345 761 396 vnumsnrs.
1170 332 1235 397 189

85 526 144 590 per
165 502 269 589 ipsum
290 502 366 569 lecit
388 502 499 582 Pater,
517 503 582 569 sive
600 504 743 582 visibilia,
761 504 828 570 sive
852 503 1029 583 invisibilia,
1053 504 1119 569 sive
1140 505 1236 570 sensi·
1260 520 1385 606 gffffl·

86 603 173 680 bilia,
200 603 266 669 sive
290 603 510 690 intelligibilia,
536 603 600 668 sive
626 605 816 690 temporalia
836 611 970 691 propter
991 605 1150 690 quandam
1173 604 1236 669 dis·
1249 614 1398 698 ¹¹³⁸f'lgffll

86 703 287 790 positionem,
299 703 365 768 sive
384 703 604 791 [sempitema,
625 705 673 768 ¹et
691 727 729 769 ea
746 703 880 791 omnia]
903 704 939 792 [l.
951 703 1084 788 aeonia])
1102 725 1166 768 non
1178 727 1237 790 per
1314 688 1319 706 ’

87 803 226 890 angelos,
243 825 345 889 neque
363 826 420 889 per
437 803 572 870 virtutes
589 804 710 889 aliquas
726 805 879 869 abscissas
900 804 942 869 ab
959 804 1027 889 ejus
1044 804 1233 868 ²sententia:

87 903 166 967 nihil
183 903 268 967 enim
285 903 409 990 indiget
421 903 561 968 omnium
581 902 689 979 Deus3
717 905 773 969 sed
791 927 849 990 per
868 902 1012 969 Verbum
1030 911 1063 969 et
1081 902 1237 989 Spiritum

86 1024 180 1068 suum
197 1003 303 1068 omnia
319 1003 447 1077 faciens,
463 1012 496 1068 et
514 1004 693 1090 disponens,
708 1011 742 1069 et
757 1005 948 1090 gubernans,
961 1011 995 1069 et
1006 1003 1151 1068 omnibus
1168 1026 1237 1068 esse

86 1109 263 1188 praestans:
289 1102 341 1168 hic
366 1103 420 1189 qni
441 1105 593 1168 mundum
614 1103 699 1178 fecit,
718 1103 837 1168 etenim
860 1104 996 1169 mundus
1012 1126 1051 1168 ex
1069 1103 1233 1168 omnibus:

86 1202 140 1267 hie
157 1201 211 1286 qui
225 1202 385 1268 hominem
400 1202 579 1288 plasmavit,
597 1202 649 1267 hic
671 1203 741 1289 'qni
765 1202 854 1267 Deus
877 1203 1053 1282 Abraham,
1075 1201 1161 1295 [adj.
1179 1197 1232 1290 et]

88 1303 179 1366 Deus
198 1301 298 1380 leaeo,
321 1310 355 1368 et
379 1300 467 1367 Deus
492 1301 607 1380 Jacob,
631 1324 728 1388 super
749 1325 842 1389 quem
867 1302 947 1368 alius
971 1303 1059 1369 Deus
1082 1325 1146 1367 non
1174 1312 1233 1382 est,

85 1423 190 1488 neque
222 1401 376 1480 *initium
410 1424 513 1488 neque
546 1403 656 1480 virtus,
690 1423 792 1488 neque
825 1402 1011 1468 lPleroma:
1046 1404 1098 1468 hio
1134 1403 1236 1468 Pater

88 1500 218 1567 Domini
243 1502 342 1568 nostri
364 1502 446 1567 Jesu
468 1503 597 1577 Christi,
616 1502 881 1587 quemadmodum
901 1504 1124 1568 ostendemus:
1152 1503 1235 1568 hanc

87 1624 164 1689 ergo
187 1609 335 1670 tenentes
359 1602 512 1689 regulam,
530 1603 605 1668 lieet
622 1601 714 1667 valde
730 1602 818 1666 varie
834 1611 868 1667 et
886 1603 988 1667 multa
1003 1603 1124 1678 dicant,
1142 1603 1235 1668 facile

86 1725 143 1767 eos
159 1701 300 1767 deviasse
316 1724 335 1767 a
351 1703 490 1768 veritate
512 1702 684 1789 arguimus.
737 1700 857 1766 Omnes
880 1702 964 1767 euim
984 1703 1051 1768 sere
1075 1710 1235 1788 quotquot

85 1809 160 1868 sunt
182 1801 328 1877 haereses,
347 1801 453 1867 Deum
478 1802 607 1887 quidem
631 1823 730 1867 unum
752 1801 873 1878 dieunt,
894 1803 950 1867 sed
967 1825 1026 1888 per
1041 1803 1235 1867 sententiam

85 1901 203 1967 malam
224 1902 408 1981 immutant,
433 1901 553 1989 ingrati
575 1900 750 1967 existentes
774 1901 812 1975 ei,
836 1901 890 1987 qui
910 1903 987 1968 iecit
1003 1923 1067 1979 eos,
1083 1902 1234 1987 quemad-

85 2002 216 2067 modum
233 2009 267 2067 et
284 2011 397 2090 gentes
414 2024 472 2088 per
490 2001 714 2067 idololatriam.
765 2000 911 2067 ‘Plasma
936 2009 1045 2068 autern
1072 1999 1135 2066 Dei
1160 2023 1235 2067 con-

85 2109 245 2177 temnunt,
263 2102 519 2168 contradicentes
535 2124 601 2167 suoe
616 2100 721 2177 saluti,
738 2099 798 2186 ipsi
821 2101 869 2165 sni
886 2110 1087 2168 accusatores
1104 2101 1235 2168 amaris-

85 2202 166 2280 simi,
184 2212 219 2268 et
236 2202 305 2267 falsi
324 2210 423 2268 testes
439 2203 625 2268 existentes.
668 2201 732 2278 Qui
750 2201 877 2287 quidem
893 2210 1060 2289 resurgent
1077 2201 1110 2266 in
1128 2224 1233 2277 carne,

84 2301 160 2368 lieet
176 2302 289 2378 nolint,
306 2303 356 2368 uti
369 2309 554 2390 ‘agnoscant
577 2301 730 2367 virtutem
756 2301 941 2368 suscitantis
961 2324 1015 2367 eos
1037 2324 1057 2366 a
1079 2302 1234 2368 mortuis:

84 2423 157 2466 cum
178 2401 275 2489 justis
294 2410 402 2468 autem
424 2424 489 2469 nou
506 2403 810 2480 annumerabuntur,
829 2410 962 2487 propter
978 2402 1235 2467 incredulitatem

84 2524 184 2567 snam.
226 2501 310 2567 Cum
325 2502 370 2568 sit
387 2503 486 2590 igitur
502 2503 652 2568 adversus
669 2523 779 2566 omnes
795 2501 962 2567 haereticos
979 2502 1120 2568 detectio
1136 2509 1235 2588 atquo

85 2601 242 2667 convictio
256 2601 345 2667 varia
359 2611 394 2667 et
415 2602 599 2678 multifaria,
623 2609 657 2666 et
678 2601 769 2666 nobis
793 2601 992 2688 propositum
1014 2609 1065 2667 est
1088 2602 1235 2666 omuibus

84 2700 123 2765 iis
147 2703 321 2767 secundum
344 2702 485 2788 ipsorum
507 2703 726 2767 characterem
751 2702 989 2777 contradicere;
1022 2702 1235 2767 necessarium

85 2801 236 2867 arbitrati
262 2825 371 2867 sumus
399 2803 487 2888 prius
517 2803 636 2866 referre
663 2801 786 2867 fontem
813 2809 847 2867 et
874 2803 1016 2867 radicem
1040 2824 1160 2876 eorum,
1186 2801 1235 2867 uti

85 2901 341 2967 sublimissimum
358 2902 499 2988 ipsorum
515 2901 658 2988 Bythum
676 2923 876 2989 cognoscens,
895 2901 1055 2990 intelligas
1076 2903 1234 2980 arborem,

85 3000 125 3066 de
143 3023 207 3088 qua
223 3002 426 3068 defluxerunt
444 3003 526 3068 tales
543 3003 675 3067 fructus.

132 3207 143 3242 ⁸
159 3225 188 3258 a
197 3209 314 3260 omuibus.
334 3210 388 3259 'l'he
400 3209 535 3272 Demiurge
547 3224 597 3256 was
608 3208 635 3255 in
684 3206 799 3255 however
815 3206 836 3254 is
854 3210 899 3254 not
917 3206 977 3255 used
997 3207 1126 3256 elsewhere
1143 3207 1177 3271 by
1192 3208 1235 3256 the

84 3306 117 3338 no
133 3307 205 3340 sense
221 3292 265 3340 the
283 3291 436 3356 originating
454 3306 528 3339 cause
547 3289 576 3338 of
592 3289 634 3338 the
683 3287 827 3337 translator.
852 3287 1051 3347 Theronaororol
1063 3290 1166 3350 ἄγγελοι
1174 3305 1236 3337 were

82 3373 193 3437 superior
204 3372 292 3433 AElons,
306 3373 338 3422 he
348 3389 400 3423 was
410 3388 471 3422 even
480 3371 638 3435 ignorantes
684 3374 731 3419 not
742 3370 771 3419 oi
777 3371 821 3419 the
836 3370 959 3431 Pleroma,
972 3371 1022 3420 and
1032 3371 1072 3420 for
1085 3371 1136 3420 this
1147 3386 1234 3420 reason

82 3455 148 3503 their
157 3455 282 3504 existence
289 3473 295 3517 ;
312 3455 359 3504 but
372 3454 428 3504 God
444 3455 487 3504 the
504 3454 599 3503 Father
613 3453 634 3502 ia
684 3467 742 3517 may
752 3453 784 3502 be
795 3454 848 3503 said
859 3458 886 3502 to
898 3454 961 3503 have
971 3454 1034 3503 been
1044 3457 1158 3519 separate
1170 3453 1235 3502 from

84 3538 225 3588 creatores
237 3538 271 3587 all
282 3539 376 3602 things,
392 3536 505 3587 material
520 3537 571 3586 and
585 3538 633 3601 spi·
684 3536 747 3585 noos
758 3553 787 3585 or
795 3538 895 3588 Ἐννοία.

82 3621 165 3683 ritual,
179 3621 266 3671 visible
276 3621 327 3670 and
337 3621 459 3682 invisible,
472 3621 501 3670 of
510 3621 595 3685 things
607 3621 632 3669 in
733 3616 802 3681 ’que'
820 3636 880 3685 may
896 3620 927 3669 be
945 3619 1068 3668 cancelled
1085 3635 1113 3668 aa
1131 3618 1235 3682 ignored

82 3702 152 3752 earth
164 3702 212 3751 and
224 3703 310 3766 things
320 3703 346 3751 in
357 3703 461 3752 heaven.
683 3697 818 3776 ᾖξ’-Μὴ
836 3701 858 3749 it
868 3716 922 3748 roae
933 3700 1039 3764 perhaps
1050 3705 1096 3748 out
1107 3699 1135 3747 of
1143 3697 1211 3748 eirca
1222 3700 1236 3748 d

129 3779 140 3812 ¹
156 3780 209 3829 'I'be
216 3780 362 3830 MSS.read
373 3779 489 3840 ammata,
502 3778 634 3843 rendering
683 3783 735 3831 ΘΣ.
770 3787 792 3830 et
813 3781 833 3829 is
850 3779 931 3829 added
947 3780 1012 3828 from
1029 3780 1072 3828 the
1091 3779 1234 3828 Curatores

81 3861 235 3926 superfluous
250 3861 402 3924 remfflbenm.
437 3861 452 3909 I
469 3876 509 3909 am
526 3859 633 3909 inclined
683 3862 734 3911 and
744 3862 818 3910 Voss
829 3860 907 3910 MSS.

81 3943 202 3992 therefore
218 3948 245 3992 to
261 3943 320 3992 read
339 3942 573 4005 ...dbpoettiom
585 3942 634 3991 rive
732 3941 743 3973 ⁴
759 3943 775 3990 i.
787 3959 807 3990 e.
821 3943 893 4004 ἀρχὴ,
906 3957 947 3990 see
957 3957 982 4005 p.
996 3938 1036 4006 96,
1049 3944 1108 3989 note
1119 3953 1143 4002 5.

80 4024 166 4086 waic,
178 4040 228 4074 aon
235 4039 282 4088 per
292 4024 405 4088 Angelos,
417 4024 461 4074 dcc.
496 4022 524 4073 It
540 4028 633 4073 cannot
731 4022 742 4054 ⁵
760 4022 812 4070 But
823 4022 866 4070 the
877 4021 955 4070 whole
967 4022 1083 4070 Pleroma
1094 4037 1144 4070 was
1155 4022 1235 4071 above

80 4104 112 4153 be
122 4106 175 4154 said
186 4106 243 4154 that
253 4106 339 4169 things
350 4105 444 4154 eternal
455 4120 518 4154 were
525 4105 631 4166 created,
682 4105 725 4154 the
736 4103 898 4152 Valentinian
911 4104 1054 4167 Demiurge.

80 4185 127 4235 but
137 4186 251 4251 spiritual
261 4187 395 4236 substance
406 4203 465 4236 was.
498 4186 551 4235 'l'he
562 4202 633 4235 sense
731 4184 743 4218 ⁶
759 4185 867 4245 Pleume,
891 4185 934 4233 tbe
953 4186 1022 4234 work
1038 4185 1068 4233 ef
1087 4185 1151 4245 God,
1170 4185 1235 4233 their

80 4267 132 4317 also
142 4268 211 4318 flows
221 4269 304 4318 better
313 4268 420 4318 without
430 4274 451 4317 ct
461 4283 489 4316 ea
500 4267 591 4316 omnia
682 4282 738 4316 own
760 4265 840 4328 hody3
864 4265 908 4314 the
926 4267 1089 4315 resunection
1109 4266 1138 4313 os
1154 4265 1232 4313 which

128 4347 141 4380 ⁸
155 4350 283 4410 &amin
298 4351 392 4400 ἐννοίας.
427 4349 529 4399 dumus
539 4349 632 4414 prefers
681 4349 742 4412 they
758 4346 858 4407 denieQ
875 4363 914 4395 see
928 4347 980 4396 also
990 4347 1024 4397 V.
1039 4347 1087 4395 end
1102 4347 1131 4395 oi
1143 4359 1169 4396 v.
1184 4345 1233 4394 and

81 4434 108 4480 co
117 4431 176 4481 read
186 4430 287 4481 aemuia
297 4431 323 4480 in
335 4431 378 4480 the
389 4430 466 4480 Latin
473 4447 480 4491 ;
498 4431 549 4480 thia
563 4430 632 4479 word
681 4431 818 4495 beginning
829 4429 857 4479 of
864 4441 901 4478 vr.
