<?xml version="1.0" encoding="UTF-8"?>
<!DOCTYPE html PUBLIC "-//W3C//DTD XHTML 1.0 Transitional//EN"
    "http://www.w3.org/TR/xhtml1/DTD/xhtml1-transitional.dtd">
<html xmlns="http://www.w3.org/1999/xhtml" xml:lang="en" lang="en">
 <head>
  <title>
</title>
<meta http-equiv="Content-Type" content="text/html;charset=utf-8" />
  <meta name='ocr-system' content='tesseract 3.04.00' />
  <meta name='ocr-capabilities' content='ocr_page ocr_carea ocr_par ocr_line ocrx_word'/>
</head>
<body>
  <div class='ocr_page' id='page_1' title='image "./sanctiirenaeiep01harvgoog_0496.png"; bbox 0 0 2954 4986; ppageno 0'>
   <div class='ocr_carea' id='block_1_1' title="bbox 241 217 981 286">
    <p class='ocr_par' dir='ltr' id='par_1_1' title="bbox 241 217 981 286">
     <span class='ocr_line' id='line_1_1' title="bbox 241 217 981 286; baseline 0.001 -2"><span class='ocrx_word' id='word_1_1' title='bbox 241 217 310 286; x_wconf 81' lang='lat'><strong>272</strong></span> <span class='ocrx_word' id='word_1_2' title='bbox 641 231 835 286; x_wconf 76' lang='lat' dir='ltr'><strong>nnrnrmvn</strong></span> <span class='ocrx_word' id='word_1_3' title='bbox 859 231 981 285; x_wconf 82' lang='lat' dir='ltr'><strong>mnas.</strong></span> 
     </span>
    </p>
   </div>
   <div class='ocr_carea' id='block_1_2' title="bbox 78 408 230 586">
    <p class='ocr_par' dir='ltr' id='par_1_2' title="bbox 78 408 230 586">
     <span class='ocr_line' id='line_1_2' title="bbox 78 408 230 450; baseline -0.013 0"><span class='ocrx_word' id='word_1_4' title='bbox 78 408 230 450; x_wconf 74' lang='lat' dir='ltr'><strong>ntnnnvml.</strong></span> 
     </span>
     <span class='ocr_line' id='line_1_3' title="bbox 78 456 230 586; baseline -0.013 -44"><span class='ocrx_word' id='word_1_5' title='bbox 78 456 230 586; x_wconf 58' lang='lat' dir='ltr'><strong>rapta.</strong></span> 
     </span>
    </p>
   </div>
   <div class='ocr_carea' id='block_1_3' title="bbox 82 623 230 635">
    <p class='ocr_par' dir='ltr' id='par_1_3' title="bbox 82 623 230 635">
     <span class='ocr_line' id='line_1_4' title="bbox 82 623 230 635; baseline 0.007 -3"><span class='ocrx_word' id='word_1_6' title='bbox 82 623 230 635; x_wconf 74' lang='lat'><strong>..—</strong></span> 
     </span>
    </p>
   </div>
   <div class='ocr_carea' id='block_1_4' title="bbox 706 535 933 603">
    <p class='ocr_par' dir='ltr' id='par_1_4' title="bbox 706 535 933 603">
     <span class='ocr_line' id='line_1_5' title="bbox 706 535 933 603; baseline -0.009 0"><span class='ocrx_word' id='word_1_7' title='bbox 706 538 809 603; x_wconf 82' lang='lat' dir='ltr'><strong>cAP.</strong></span> <span class='ocrx_word' id='word_1_8' title='bbox 832 535 933 601; x_wconf 88' lang='lat' dir='ltr'><strong>VIII.</strong></span> 
     </span>
    </p>
   </div>
   <div class='ocr_carea' id='block_1_5' title="bbox 245 704 1397 1020">
    <p class='ocr_par' dir='ltr' id='par_1_5' title="bbox 245 704 1397 1020">
     <span class='ocr_line' id='line_1_6' title="bbox 245 704 1396 809; baseline -0.003 -24"><span class='ocrx_word' id='word_1_9' title='bbox 245 707 407 785; x_wconf 77' lang='lat' dir='ltr'><strong>ostensio</strong></span> <span class='ocrx_word' id='word_1_10' title='bbox 446 707 621 809; x_wconf 75' lang='lat' dir='ltr'><strong>quoniam</strong></span> <span class='ocrx_word' id='word_1_11' title='bbox 659 721 708 782; x_wconf 79' lang='lat' dir='ltr'><strong>est</strong></span> <span class='ocrx_word' id='word_1_12' title='bbox 745 720 777 782; x_wconf 82' lang='lat' dir='ltr'><strong>ct</strong></span> <span class='ocrx_word' id='word_1_13' title='bbox 819 704 974 782; x_wconf 79' lang='lat' dir='ltr'><strong>substitit</strong></span> <span class='ocrx_word' id='word_1_14' title='bbox 1017 706 1153 783; x_wconf 78' lang='lat' dir='ltr'><strong>moedi</strong></span> <span class='ocrx_word' id='word_1_15' title='bbox 1184 706 1396 807; x_wconf 79' lang='lat' dir='ltr'><strong>fabricator</strong></span> 
     </span>
     <span class='ocr_line' id='line_1_7' title="bbox 318 823 1397 925; baseline -0.005 -22"><span class='ocrx_word' id='word_1_16' title='bbox 318 828 431 919; x_wconf 82' lang='lat' dir='ltr'><strong>Deus,</strong></span> <span class='ocrx_word' id='word_1_17' title='bbox 454 854 527 902; x_wconf 80' lang='lat' dir='ltr'><strong>ooo</strong></span> <span class='ocrx_word' id='word_1_18' title='bbox 547 839 683 901; x_wconf 77' lang='lat' dir='ltr'><strong>coastat</strong></span> <span class='ocrx_word' id='word_1_19' title='bbox 701 836 824 900; x_wconf 83' lang='lat' dir='ltr'><strong>actem</strong></span> <span class='ocrx_word' id='word_1_20' title='bbox 850 850 922 900; x_wconf 77' lang='lat' dir='ltr'><strong>eece</strong></span> <span class='ocrx_word' id='word_1_21' title='bbox 947 824 1013 925; x_wconf 79' lang='lat' dir='ltr'><strong>qui</strong></span> <span class='ocrx_word' id='word_1_22' title='bbox 1034 851 1148 924; x_wconf 79' lang='lat' dir='ltr'><strong>cuper</strong></span> <span class='ocrx_word' id='word_1_23' title='bbox 1171 826 1270 901; x_wconf 82' lang='lat' dir='ltr'><strong>bunc</strong></span> <span class='ocrx_word' id='word_1_24' title='bbox 1293 823 1397 899; x_wconf 81' lang='lat' dir='ltr'><strong>odia·</strong></span> 
     </span>
     <span class='ocr_line' id='line_1_8' title="bbox 318 945 607 1020; baseline -0.007 0"><span class='ocrx_word' id='word_1_25' title='bbox 318 945 463 1020; x_wconf 79' lang='lat' dir='ltr'><strong>venitur</strong></span> <span class='ocrx_word' id='word_1_26' title='bbox 478 945 607 1019; x_wconf 79' lang='lat' dir='ltr'><strong>Pater.</strong></span> 
     </span>
    </p>
   </div>
   <div class='ocr_carea' id='block_1_6' title="bbox 138 1132 1446 4273">
    <p class='ocr_par' dir='ltr' id='par_1_6' title="bbox 138 1132 1446 2142">
     <span class='ocr_line' id='line_1_9' title="bbox 247 1132 1398 1222; baseline -0.004 -20"><span class='ocrx_word' id='word_1_27' title='bbox 247 1141 277 1203; x_wconf 93' lang='lat'><strong>1.</strong></span> <span class='ocrx_word' id='word_1_28' title='bbox 314 1137 414 1201; x_wconf 80' lang='lat' dir='ltr'><strong>Nunc</strong></span> <span class='ocrx_word' id='word_1_29' title='bbox 436 1144 542 1201; x_wconf 89' lang='lat' dir='ltr'><strong>autem</strong></span> <span class='ocrx_word' id='word_1_30' title='bbox 559 1134 673 1201; x_wconf 89' lang='lat' dir='ltr'><strong>sufficit</strong></span> <span class='ocrx_word' id='word_1_31' title='bbox 691 1135 722 1199; x_wconf 94' lang='lat' dir='ltr'><strong>id</strong></span> <span class='ocrx_word' id='word_1_32' title='bbox 746 1136 829 1222; x_wconf 91' lang='lat' dir='ltr'><strong>quod</strong></span> <span class='ocrx_word' id='word_1_33' title='bbox 850 1143 899 1200; x_wconf 91' lang='lat' dir='ltr'><strong>est</strong></span> <span class='ocrx_word' id='word_1_34' title='bbox 920 1135 1038 1212; x_wconf 87' lang='lat' dir='ltr'><strong>abeis,</strong></span> <span class='ocrx_word' id='word_1_35' title='bbox 1060 1133 1114 1222; x_wconf 90' lang='lat' dir='ltr'><strong>qui</strong></span> <span class='ocrx_word' id='word_1_36' title='bbox 1133 1133 1295 1200; x_wconf 90' lang='lat' dir='ltr'><strong>contraria</strong></span> <span class='ocrx_word' id='word_1_37' title='bbox 1312 1132 1398 1198; x_wconf 86' lang='lat' dir='ltr'><strong>nobis</strong></span> 
     </span>
     <span class='ocr_line' id='line_1_10' title="bbox 244 1236 1398 1316; baseline -0.004 -13"><span class='ocrx_word' id='word_1_38' title='bbox 244 1239 352 1304; x_wconf 91' lang='lat' dir='ltr'><strong>dicunt</strong></span> <span class='ocrx_word' id='word_1_39' title='bbox 371 1237 595 1316; x_wconf 90' lang='lat' dir='ltr'><strong>testimonium,</strong></span> <span class='ocrx_word' id='word_1_40' title='bbox 619 1237 762 1303; x_wconf 91' lang='lat' dir='ltr'><strong>omnibus</strong></span> <span class='ocrx_word' id='word_1_41' title='bbox 784 1237 961 1300; x_wconf 86' lang='lat' dir='ltr'><strong>hominibus</strong></span> <span class='ocrx_word' id='word_1_42' title='bbox 981 1236 1022 1300; x_wconf 88' lang='lat' dir='ltr'><strong>ad</strong></span> <span class='ocrx_word' id='word_1_43' title='bbox 1044 1236 1104 1301; x_wconf 93' lang='lat' dir='ltr'><strong>hoc</strong></span> <span class='ocrx_word' id='word_1_44' title='bbox 1124 1236 1253 1300; x_wconf 91' lang='lat' dir='ltr'><strong>demum</strong></span> <span class='ocrx_word' id='word_1_45' title='bbox 1272 1257 1398 1300; x_wconf 90' lang='lat' dir='ltr'><strong>consen·</strong></span> 
     </span>
     <span class='ocr_line' id='line_1_11' title="bbox 244 1338 1398 1426; baseline -0.004 -20"><span class='ocrx_word' id='word_1_46' title='bbox 244 1340 404 1417; x_wconf 73' lang='lat' dir='ltr'><strong>fientibus,</strong></span> <span class='ocrx_word' id='word_1_47' title='bbox 420 1340 574 1405; x_wconf 87' lang='lat' dir='ltr'><strong>veteribus</strong></span> <span class='ocrx_word' id='word_1_48' title='bbox 593 1339 728 1426; x_wconf 85' lang='lat' dir='ltr'><strong>quidem,</strong></span> <span class='ocrx_word' id='word_1_49' title='bbox 749 1342 797 1404; x_wconf 87' lang='lat' dir='ltr'><strong>¹et</strong></span> <span class='ocrx_word' id='word_1_50' title='bbox 815 1339 970 1425; x_wconf 89' lang='lat' dir='ltr'><strong>inprimis</strong></span> <span class='ocrx_word' id='word_1_51' title='bbox 991 1338 1218 1423; x_wconf 86' lang='lat' dir='ltr'><strong>aprimoplasti</strong></span> <span class='ocrx_word' id='word_1_52' title='bbox 1234 1338 1398 1402; x_wconf 73' lang='lat' dir='ltr'><strong>traditione</strong></span> 
     </span>
     <span class='ocr_line' id='line_1_12' title="bbox 244 1440 1399 1508; baseline -0.003 -1"><span class='ocrx_word' id='word_1_53' title='bbox 244 1443 325 1508; x_wconf 89' lang='lat' dir='ltr'><strong>hanc</strong></span> <span class='ocrx_word' id='word_1_54' title='bbox 347 1441 505 1507; x_wconf 77' lang='lat' dir='ltr'><strong>suadelam</strong></span> <span class='ocrx_word' id='word_1_55' title='bbox 527 1442 772 1507; x_wconf 78' lang='lat' dir='ltr'><strong>custodientibus</strong></span> <span class='ocrx_word' id='word_1_56' title='bbox 789 1451 822 1506; x_wconf 91' lang='lat' dir='ltr'><strong>et</strong></span> <span class='ocrx_word' id='word_1_57' title='bbox 845 1465 941 1506; x_wconf 91' lang='lat' dir='ltr'><strong>unum</strong></span> <span class='ocrx_word' id='word_1_58' title='bbox 966 1442 1068 1506; x_wconf 93' lang='lat' dir='ltr'><strong>Deum</strong></span> <span class='ocrx_word' id='word_1_59' title='bbox 1091 1441 1312 1506; x_wconf 78' lang='lat' dir='ltr'><strong>fabricatorem</strong></span> <span class='ocrx_word' id='word_1_60' title='bbox 1334 1440 1399 1506; x_wconf 87' lang='lat' dir='ltr'><strong>coeli</strong></span> 
     </span>
     <span class='ocr_line' id='line_1_13' title="bbox 245 1543 1399 1631; baseline -0.003 -21"><span class='ocrx_word' id='word_1_61' title='bbox 245 1554 278 1611; x_wconf 93' lang='lat' dir='ltr'><strong>et</strong></span> <span class='ocrx_word' id='word_1_62' title='bbox 307 1554 399 1609; x_wconf 86' lang='lat' dir='ltr'><strong>terrae</strong></span> <span class='ocrx_word' id='word_1_63' title='bbox 428 1544 697 1631; x_wconf 78' lang='lat' dir='ltr'><strong>hymnizantibusz</strong></span> <span class='ocrx_word' id='word_1_64' title='bbox 731 1544 858 1631; x_wconf 87' lang='lat' dir='ltr'><strong>reliquis</strong></span> <span class='ocrx_word' id='word_1_65' title='bbox 882 1552 988 1609; x_wconf 90' lang='lat' dir='ltr'><strong>autem</strong></span> <span class='ocrx_word' id='word_1_66' title='bbox 1014 1552 1085 1629; x_wconf 87' lang='lat' dir='ltr'><strong>post</strong></span> <span class='ocrx_word' id='word_1_67' title='bbox 1113 1565 1169 1608; x_wconf 87' lang='lat' dir='ltr'><strong>eos</strong></span> <span class='ocrx_word' id='word_1_68' title='bbox 1193 1565 1215 1607; x_wconf 91' lang='lat' dir='ltr'><strong>a</strong></span> <span class='ocrx_word' id='word_1_69' title='bbox 1242 1543 1399 1628; x_wconf 89' lang='lat' dir='ltr'><strong>prophetis</strong></span> 
     </span>
     <span class='ocr_line' id='line_1_14' title="bbox 247 1645 1399 1732; baseline -0.004 -19"><span class='ocrx_word' id='word_1_70' title='bbox 247 1648 309 1713; x_wconf 91' lang='lat' dir='ltr'><strong>Dei</strong></span> <span class='ocrx_word' id='word_1_71' title='bbox 323 1648 416 1732; x_wconf 87' lang='lat' dir='ltr'><strong>hujus</strong></span> <span class='ocrx_word' id='word_1_72' title='bbox 430 1647 475 1712; x_wconf 89' lang='lat' dir='ltr'><strong>rei</strong></span> <span class='ocrx_word' id='word_1_73' title='bbox 495 1646 820 1711; x_wconf 82' lang='lat' dir='ltr'><strong>commemorationem</strong></span> <span class='ocrx_word' id='word_1_74' title='bbox 842 1646 1084 1732; x_wconf 84' lang='lat' dir='ltr'><strong>accipientibus;</strong></span> <span class='ocrx_word' id='word_1_75' title='bbox 1109 1645 1245 1710; x_wconf 82' lang='lat' dir='ltr'><strong>ethnicis</strong></span> <span class='ocrx_word' id='word_1_76' title='bbox 1264 1667 1339 1710; x_wconf 85' lang='lat' dir='ltr'><strong>vero</strong></span> <span class='ocrx_word' id='word_1_77' title='bbox 1362 1646 1399 1708; x_wconf 88' lang='lat' dir='ltr'><strong>ab</strong></span> 
     </span>
     <span class='ocr_line' id='line_1_15' title="bbox 138 1747 1446 1836; baseline -0.006 -22"><span class='ocrx_word' id='word_1_78' title='bbox 138 1792 168 1807; x_wconf 86' lang='lat'><strong>··</strong></span> <span class='ocrx_word' id='word_1_79' title='bbox 200 1797 205 1807; x_wconf 83' lang='grc'><strong>.</strong></span> <span class='ocrx_word' id='word_1_80' title='bbox 246 1750 315 1836; x_wconf 90' lang='lat' dir='ltr'><strong>ipsa</strong></span> <span class='ocrx_word' id='word_1_81' title='bbox 329 1751 505 1816; x_wconf 92' lang='lat' dir='ltr'><strong>conditione</strong></span> <span class='ocrx_word' id='word_1_82' title='bbox 519 1750 719 1814; x_wconf 84' lang='lat' dir='ltr'><strong>discentibus.</strong></span> <span class='ocrx_word' id='word_1_83' title='bbox 767 1749 842 1835; x_wconf 90' lang='lat' dir='ltr'><strong>Ipsa</strong></span> <span class='ocrx_word' id='word_1_84' title='bbox 861 1750 944 1813; x_wconf 90' lang='lat' dir='ltr'><strong>enim</strong></span> <span class='ocrx_word' id='word_1_85' title='bbox 960 1749 1095 1813; x_wconf 91' lang='lat' dir='ltr'><strong>conditio</strong></span> <span class='ocrx_word' id='word_1_86' title='bbox 1109 1748 1249 1812; x_wconf 84' lang='lat' dir='ltr'><strong>ostendit</strong></span> <span class='ocrx_word' id='word_1_87' title='bbox 1263 1770 1336 1812; x_wconf 92' lang='lat' dir='ltr'><strong>eum</strong></span> <span class='ocrx_word' id='word_1_88' title='bbox 1351 1747 1446 1833; x_wconf 76' lang='lat' dir='ltr'><strong>quini</strong></span> 
     </span>
     <span class='ocr_line' id='line_1_16' title="bbox 247 1850 1400 1938; baseline -0.004 -20"><span class='ocrx_word' id='word_1_89' title='bbox 247 1851 386 1918; x_wconf 87' lang='lat' dir='ltr'><strong>condidit</strong></span> <span class='ocrx_word' id='word_1_90' title='bbox 400 1873 489 1925; x_wconf 86' lang='lat' dir='ltr'><strong>eam;</strong></span> <span class='ocrx_word' id='word_1_91' title='bbox 513 1859 546 1915; x_wconf 94' lang='lat' dir='ltr'><strong>et</strong></span> <span class='ocrx_word' id='word_1_92' title='bbox 561 1851 629 1935; x_wconf 87' lang='lat' dir='ltr'><strong>ipsa</strong></span> <span class='ocrx_word' id='word_1_93' title='bbox 649 1851 771 1914; x_wconf 88' lang='lat' dir='ltr'><strong>factura</strong></span> <span class='ocrx_word' id='word_1_94' title='bbox 785 1851 926 1938; x_wconf 82' lang='lat' dir='ltr'><strong>suggerit</strong></span> <span class='ocrx_word' id='word_1_95' title='bbox 939 1872 1010 1914; x_wconf 92' lang='lat' dir='ltr'><strong>eum</strong></span> <span class='ocrx_word' id='word_1_96' title='bbox 1025 1850 1078 1937; x_wconf 89' lang='lat' dir='ltr'><strong>qui</strong></span> <span class='ocrx_word' id='word_1_97' title='bbox 1093 1850 1187 1923; x_wconf 84' lang='lat' dir='ltr'><strong>fecit;</strong></span> <span class='ocrx_word' id='word_1_98' title='bbox 1212 1858 1247 1914; x_wconf 90' lang='lat' dir='ltr'><strong>et</strong></span> <span class='ocrx_word' id='word_1_99' title='bbox 1269 1851 1400 1913; x_wconf 84' lang='lat' dir='ltr'><strong>mundus</strong></span> 
     </span>
     <span class='ocr_line' id='line_1_17' title="bbox 246 1950 1401 2039; baseline -0.003 -22"><span class='ocrx_word' id='word_1_100' title='bbox 246 1954 426 2018; x_wconf 88' lang='lat' dir='ltr'><strong>manifestat</strong></span> <span class='ocrx_word' id='word_1_101' title='bbox 444 1975 517 2017; x_wconf 90' lang='lat' dir='ltr'><strong>eum</strong></span> <span class='ocrx_word' id='word_1_102' title='bbox 538 1953 591 2039; x_wconf 93' lang='lat' dir='ltr'><strong>qui</strong></span> <span class='ocrx_word' id='word_1_103' title='bbox 609 1975 644 2017; x_wconf 88' lang='lat' dir='ltr'><strong>se</strong></span> <span class='ocrx_word' id='word_1_104' title='bbox 666 1953 825 2039; x_wconf 88' lang='lat' dir='ltr'><strong>disposuit.</strong></span> <span class='ocrx_word' id='word_1_105' title='bbox 872 1953 1014 2018; x_wconf 82' lang='lat' dir='ltr'><strong>Ecclesia</strong></span> <span class='ocrx_word' id='word_1_106' title='bbox 1027 1966 1131 2017; x_wconf 86' lang='lat' dir='ltr'><strong>autern</strong></span> <span class='ocrx_word' id='word_1_107' title='bbox 1147 1952 1251 2016; x_wconf 89' lang='lat' dir='ltr'><strong>omnis</strong></span> <span class='ocrx_word' id='word_1_108' title='bbox 1266 1974 1324 2038; x_wconf 92' lang='lat' dir='ltr'><strong>per</strong></span> <span class='ocrx_word' id='word_1_109' title='bbox 1337 1950 1401 2015; x_wconf 93' lang='lat' dir='ltr'><strong>uni·</strong></span> 
     </span>
     <span class='ocr_line' id='line_1_18' title="bbox 246 2056 1158 2142; baseline -0.002 -21"><span class='ocrx_word' id='word_1_110' title='bbox 246 2078 369 2121; x_wconf 86' lang='lat' dir='ltr'><strong>versum</strong></span> <span class='ocrx_word' id='word_1_111' title='bbox 384 2058 489 2121; x_wconf 90' lang='lat' dir='ltr'><strong>orbem</strong></span> <span class='ocrx_word' id='word_1_112' title='bbox 504 2057 585 2121; x_wconf 90' lang='lat' dir='ltr'><strong>hanc</strong></span> <span class='ocrx_word' id='word_1_113' title='bbox 599 2057 721 2141; x_wconf 90' lang='lat' dir='ltr'><strong>accepit</strong></span> <span class='ocrx_word' id='word_1_114' title='bbox 734 2058 775 2121; x_wconf 87' lang='lat' dir='ltr'><strong>ab</strong></span> <span class='ocrx_word' id='word_1_115' title='bbox 790 2057 938 2142; x_wconf 88' lang='lat' dir='ltr'><strong>apostolis</strong></span> <span class='ocrx_word' id='word_1_116' title='bbox 950 2056 1158 2120; x_wconf 82' lang='lat' dir='ltr'><strong>traditionem.</strong></span> 
     </span>
    </p>

    <p class='ocr_par' dir='ltr' id='par_1_7' title="bbox 246 2157 1407 4273">
     <span class='ocr_line' id='line_1_19' title="bbox 313 2157 1401 2246; baseline -0.004 -21"><span class='ocrx_word' id='word_1_117' title='bbox 313 2164 344 2226; x_wconf 82' lang='lat'><strong>2.</strong></span> <span class='ocrx_word' id='word_1_118' title='bbox 388 2161 561 2225; x_wconf 74' lang='lat' dir='ltr'><strong>Constante</strong></span> <span class='ocrx_word' id='word_1_119' title='bbox 584 2159 681 2246; x_wconf 86' lang='lat' dir='ltr'><strong>igitur</strong></span> <span class='ocrx_word' id='word_1_120' title='bbox 704 2159 764 2224; x_wconf 93' lang='lat' dir='ltr'><strong>hoc</strong></span> <span class='ocrx_word' id='word_1_121' title='bbox 795 2159 874 2234; x_wconf 83' lang='lat' dir='ltr'><strong>Deo,</strong></span> <span class='ocrx_word' id='word_1_122' title='bbox 905 2158 1167 2245; x_wconf 86' lang='lat' dir='ltr'><strong>quemadmodum</strong></span> <span class='ocrx_word' id='word_1_123' title='bbox 1193 2157 1341 2234; x_wconf 78' lang='lat' dir='ltr'><strong>diximus,</strong></span> <span class='ocrx_word' id='word_1_124' title='bbox 1371 2166 1401 2222; x_wconf 90' lang='lat' dir='ltr'><strong>et</strong></span> 
     </span>
     <span class='ocr_line' id='line_1_20' title="bbox 247 2259 1400 2346; baseline -0.003 -19"><span class='ocrx_word' id='word_1_125' title='bbox 247 2262 460 2328; x_wconf 89' lang='lat' dir='ltr'><strong>testimonium</strong></span> <span class='ocrx_word' id='word_1_126' title='bbox 478 2263 519 2324; x_wconf 89' lang='lat' dir='ltr'><strong>ab</strong></span> <span class='ocrx_word' id='word_1_127' title='bbox 534 2261 679 2325; x_wconf 87' lang='lat' dir='ltr'><strong>omnibns</strong></span> <span class='ocrx_word' id='word_1_128' title='bbox 693 2261 866 2346; x_wconf 88' lang='lat' dir='ltr'><strong>accipiente</strong></span> <span class='ocrx_word' id='word_1_129' title='bbox 888 2261 1034 2346; x_wconf 91' lang='lat' dir='ltr'><strong>qnoniam</strong></span> <span class='ocrx_word' id='word_1_130' title='bbox 1052 2268 1119 2324; x_wconf 89' lang='lat' dir='ltr'><strong>est:</strong></span> <span class='ocrx_word' id='word_1_131' title='bbox 1143 2260 1194 2324; x_wconf 92' lang='lat' dir='ltr'><strong>ille</strong></span> <span class='ocrx_word' id='word_1_132' title='bbox 1214 2260 1283 2324; x_wconf 88' lang='lat' dir='ltr'><strong>sine</strong></span> <span class='ocrx_word' id='word_1_133' title='bbox 1298 2259 1400 2335; x_wconf 87' lang='lat' dir='ltr'><strong>dnbio,</strong></span> 
     </span>
     <span class='ocr_line' id='line_1_21' title="bbox 248 2362 1400 2453; baseline -0.002 -24"><span class='ocrx_word' id='word_1_134' title='bbox 248 2367 300 2453; x_wconf 91' lang='lat' dir='ltr'><strong>qui</strong></span> <span class='ocrx_word' id='word_1_135' title='bbox 312 2366 483 2431; x_wconf 90' lang='lat' dir='ltr'><strong>secundum</strong></span> <span class='ocrx_word' id='word_1_136' title='bbox 505 2385 559 2428; x_wconf 89' lang='lat' dir='ltr'><strong>eos</strong></span> <span class='ocrx_word' id='word_1_137' title='bbox 580 2362 775 2428; x_wconf 80' lang='lat' dir='ltr'><strong>adinvenitur</strong></span> <span class='ocrx_word' id='word_1_138' title='bbox 789 2372 887 2448; x_wconf 85' lang='lat' dir='ltr'><strong>pater,</strong></span> <span class='ocrx_word' id='word_1_139' title='bbox 903 2364 1085 2427; x_wconf 84' lang='lat' dir='ltr'><strong>inconstans</strong></span> <span class='ocrx_word' id='word_1_140' title='bbox 1105 2370 1137 2426; x_wconf 94' lang='lat' dir='ltr'><strong>et</strong></span> <span class='ocrx_word' id='word_1_141' title='bbox 1160 2363 1229 2426; x_wconf 89' lang='lat' dir='ltr'><strong>sine</strong></span> <span class='ocrx_word' id='word_1_142' title='bbox 1244 2371 1330 2427; x_wconf 91' lang='lat' dir='ltr'><strong>teste</strong></span> <span class='ocrx_word' id='word_1_143' title='bbox 1344 2370 1400 2437; x_wconf 83' lang='lat' dir='ltr'><strong>est,</strong></span> 
     </span>
     <span class='ocr_line' id='line_1_22' title="bbox 249 2465 1400 2555; baseline -0.003 -21"><span class='ocrx_word' id='word_1_144' title='bbox 249 2471 375 2536; x_wconf 90' lang='lat' dir='ltr'><strong>Simone</strong></span> <span class='ocrx_word' id='word_1_145' title='bbox 390 2490 483 2555; x_wconf 82' lang='lat' dir='ltr'><strong>mago</strong></span> <span class='ocrx_word' id='word_1_146' title='bbox 498 2468 598 2552; x_wconf 88' lang='lat' dir='ltr'><strong>primo</strong></span> <span class='ocrx_word' id='word_1_147' title='bbox 617 2466 739 2531; x_wconf 89' lang='lat' dir='ltr'><strong>dicente</strong></span> <span class='ocrx_word' id='word_1_148' title='bbox 753 2465 954 2550; x_wconf 85' lang='lat' dir='ltr'><strong>semetipsum</strong></span> <span class='ocrx_word' id='word_1_149' title='bbox 971 2486 1040 2530; x_wconf 87' lang='lat' dir='ltr'><strong>esse</strong></span> <span class='ocrx_word' id='word_1_150' title='bbox 1055 2487 1147 2551; x_wconf 87' lang='lat' dir='ltr'><strong>super</strong></span> <span class='ocrx_word' id='word_1_151' title='bbox 1162 2465 1269 2530; x_wconf 90' lang='lat' dir='ltr'><strong>omnia</strong></span> <span class='ocrx_word' id='word_1_152' title='bbox 1288 2466 1400 2542; x_wconf 86' lang='lat' dir='ltr'><strong>Deum,</strong></span> 
     </span>
     <span class='ocr_line' id='line_1_23' title="bbox 248 2567 1402 2653; baseline 0 -19"><span class='ocrx_word' id='word_1_153' title='bbox 248 2579 281 2635; x_wconf 93' lang='lat' dir='ltr'><strong>et</strong></span> <span class='ocrx_word' id='word_1_154' title='bbox 298 2570 449 2633; x_wconf 89' lang='lat' dir='ltr'><strong>mundum</strong></span> <span class='ocrx_word' id='word_1_155' title='bbox 469 2569 510 2632; x_wconf 90' lang='lat' dir='ltr'><strong>ab</strong></span> <span class='ocrx_word' id='word_1_156' title='bbox 531 2567 651 2653; x_wconf 83' lang='lat' dir='ltr'><strong>angelis</strong></span> <span class='ocrx_word' id='word_1_157' title='bbox 673 2570 742 2653; x_wconf 90' lang='lat' dir='ltr'><strong>ejus</strong></span> <span class='ocrx_word' id='word_1_158' title='bbox 763 2567 898 2640; x_wconf 88' lang='lat' dir='ltr'><strong>factum;</strong></span> <span class='ocrx_word' id='word_1_159' title='bbox 922 2575 994 2652; x_wconf 92' lang='lat' dir='ltr'><strong>post</strong></span> <span class='ocrx_word' id='word_1_160' title='bbox 1008 2567 1120 2631; x_wconf 91' lang='lat' dir='ltr'><strong>deinde</strong></span> <span class='ocrx_word' id='word_1_161' title='bbox 1135 2567 1194 2643; x_wconf 81' lang='lat' dir='ltr'><strong>his,</strong></span> <span class='ocrx_word' id='word_1_162' title='bbox 1210 2567 1265 2653; x_wconf 93' lang='lat' dir='ltr'><strong>qui</strong></span> <span class='ocrx_word' id='word_1_163' title='bbox 1281 2590 1402 2634; x_wconf 75' lang='lat' dir='ltr'><strong>succes</strong></span> 
     </span>
     <span class='ocr_line' id='line_1_24' title="bbox 246 2670 1403 2755; baseline -0.002 -18"><span class='ocrx_word' id='word_1_164' title='bbox 246 2680 354 2737; x_wconf 88' lang='lat' dir='ltr'><strong>serunt</strong></span> <span class='ocrx_word' id='word_1_165' title='bbox 368 2671 397 2735; x_wconf 90' lang='lat' dir='ltr'><strong>ei</strong></span> <span class='ocrx_word' id='word_1_166' title='bbox 411 2671 582 2735; x_wconf 88' lang='lat' dir='ltr'><strong>secundum</strong></span> <span class='ocrx_word' id='word_1_167' title='bbox 597 2670 679 2755; x_wconf 91' lang='lat' dir='ltr'><strong>quod</strong></span> <span class='ocrx_word' id='word_1_168' title='bbox 694 2670 886 2733; x_wconf 87' lang='lat' dir='ltr'><strong>ostendimus</strong></span> <span class='ocrx_word' id='word_1_169' title='bbox 905 2670 937 2733; x_wconf 97' lang='lat' dir='ltr'><strong>in</strong></span> <span class='ocrx_word' id='word_1_170' title='bbox 953 2670 1052 2755; x_wconf 90' lang='lat' dir='ltr'><strong>primo</strong></span> <span class='ocrx_word' id='word_1_171' title='bbox 1066 2670 1154 2747; x_wconf 77' lang='lat' dir='ltr'><strong>libro,</strong></span> <span class='ocrx_word' id='word_1_172' title='bbox 1171 2671 1266 2735; x_wconf 85' lang='lat' dir='ltr'><strong>variis</strong></span> <span class='ocrx_word' id='word_1_173' title='bbox 1280 2681 1403 2736; x_wconf 87' lang='lat' dir='ltr'><strong>senten·</strong></span> 
     </span>
     <span class='ocr_line' id='line_1_25' title="bbox 246 2772 1403 2860; baseline -0.001 -20"><span class='ocrx_word' id='word_1_174' title='bbox 246 2776 300 2841; x_wconf 90' lang='lat' dir='ltr'><strong>tiis</strong></span> <span class='ocrx_word' id='word_1_175' title='bbox 320 2775 431 2860; x_wconf 90' lang='lat' dir='ltr'><strong>impias</strong></span> <span class='ocrx_word' id='word_1_176' title='bbox 453 2783 485 2837; x_wconf 91' lang='lat' dir='ltr'><strong>et</strong></span> <span class='ocrx_word' id='word_1_177' title='bbox 506 2772 693 2859; x_wconf 78' lang='lat' dir='ltr'><strong>irreligiosas</strong></span> <span class='ocrx_word' id='word_1_178' title='bbox 707 2773 855 2836; x_wconf 86' lang='lat' dir='ltr'><strong>adversus</strong></span> <span class='ocrx_word' id='word_1_179' title='bbox 868 2773 1084 2837; x_wconf 81' lang='lat' dir='ltr'><strong>fabricatorem</strong></span> <span class='ocrx_word' id='word_1_180' title='bbox 1100 2773 1403 2839; x_wconf 84' lang='lat' dir='ltr'><strong>circumducentibus</strong></span> 
     </span>
     <span class='ocr_line' id='line_1_26' title="bbox 247 2875 1404 2962; baseline -0.002 -19"><span class='ocrx_word' id='word_1_181' title='bbox 247 2878 417 2944; x_wconf 88' lang='lat' dir='ltr'><strong>doctrinas:</strong></span> <span class='ocrx_word' id='word_1_182' title='bbox 438 2897 568 2962; x_wconf 91' lang='lat' dir='ltr'><strong>quorum</strong></span> <span class='ocrx_word' id='word_1_183' title='bbox 583 2875 723 2961; x_wconf 85' lang='lat' dir='ltr'><strong>discipuli</strong></span> <span class='ocrx_word' id='word_1_184' title='bbox 740 2898 810 2940; x_wconf 89' lang='lat' dir='ltr'><strong>cum</strong></span> <span class='ocrx_word' id='word_1_185' title='bbox 825 2876 889 2940; x_wconf 89' lang='lat' dir='ltr'><strong>sint</strong></span> <span class='ocrx_word' id='word_1_186' title='bbox 904 2875 946 2952; x_wconf 89' lang='lat' dir='ltr'><strong>hi,</strong></span> <span class='ocrx_word' id='word_1_187' title='bbox 967 2876 1099 2941; x_wconf 89' lang='lat' dir='ltr'><strong>ethnicis</strong></span> <span class='ocrx_word' id='word_1_188' title='bbox 1122 2877 1245 2962; x_wconf 89' lang='lat' dir='ltr'><strong>pejores</strong></span> <span class='ocrx_word' id='word_1_189' title='bbox 1266 2878 1404 2942; x_wconf 88' lang='lat' dir='ltr'><strong>efficiunt</strong></span> 
     </span>
     <span class='ocr_line' id='line_1_27' title="bbox 248 2977 1404 3067; baseline -0.003 -20"><span class='ocrx_word' id='word_1_190' title='bbox 248 2979 369 3067; x_wconf 88' lang='lat' dir='ltr'><strong>eosqui</strong></span> <span class='ocrx_word' id='word_1_191' title='bbox 384 2978 558 3043; x_wconf 88' lang='lat' dir='ltr'><strong>assentiunt</strong></span> <span class='ocrx_word' id='word_1_192' title='bbox 573 2977 628 3041; x_wconf 91' lang='lat' dir='ltr'><strong>eis.</strong></span> <span class='ocrx_word' id='word_1_193' title='bbox 676 2977 725 3040; x_wconf 93' lang='lat' dir='ltr'><strong>Illi</strong></span> <span class='ocrx_word' id='word_1_194' title='bbox 748 2977 831 3041; x_wconf 91' lang='lat' dir='ltr'><strong>enim</strong></span> <span class='ocrx_word' id='word_1_195' title='bbox 850 2986 1001 3041; x_wconf 74' lang='lat' dir='ltr'><strong>creatora</strong></span> <span class='ocrx_word' id='word_1_196' title='bbox 1016 2979 1122 3063; x_wconf 77' lang='lat' dir='ltr'><strong>potius</strong></span> <span class='ocrx_word' id='word_1_197' title='bbox 1144 2999 1239 3063; x_wconf 80' lang='lat' dir='ltr'><strong>qoam</strong></span> <span class='ocrx_word' id='word_1_198' title='bbox 1263 2979 1404 3043; x_wconf 75' lang='lat' dir='ltr'><strong>Orartori</strong></span> 
     </span>
     <span class='ocr_line' id='line_1_28' title="bbox 247 3081 1404 3168; baseline -0.002 -19"><span class='ocrx_word' id='word_1_199' title='bbox 247 3086 417 3162; x_wconf 79' lang='lat' dir='ltr'><strong>servientes,</strong></span> <span class='ocrx_word' id='word_1_200' title='bbox 434 3092 466 3148; x_wconf 90' lang='lat' dir='ltr'><strong>et</strong></span> <span class='ocrx_word' id='word_1_201' title='bbox 486 3083 534 3147; x_wconf 80' lang='lat' dir='ltr'><strong>lia</strong></span> <span class='ocrx_word' id='word_1_202' title='bbox 551 3083 606 3168; x_wconf 80' lang='lat' dir='ltr'><strong>qui</strong></span> <span class='ocrx_word' id='word_1_203' title='bbox 627 3104 686 3146; x_wconf 81' lang='lat' dir='ltr'><strong>oon</strong></span> <span class='ocrx_word' id='word_1_204' title='bbox 707 3091 778 3146; x_wconf 76' lang='lat' dir='ltr'><strong>secet</strong></span> <span class='ocrx_word' id='word_1_205' title='bbox 797 3081 846 3146; x_wconf 83' lang='lat' dir='ltr'><strong>dii</strong></span> <span class='ocrx_word' id='word_1_206' title='bbox 853 3108 865 3157; x_wconf 91' lang='lat'><em>;</em></span> <span class='ocrx_word' id='word_1_207' title='bbox 889 3090 1101 3146; x_wconf 87' lang='lat' dir='ltr'><strong>verumtamen</strong></span> <span class='ocrx_word' id='word_1_208' title='bbox 1119 3082 1255 3168; x_wconf 91' lang='lat' dir='ltr'><strong>primum</strong></span> <span class='ocrx_word' id='word_1_209' title='bbox 1278 3082 1404 3147; x_wconf 84' lang='lat' dir='ltr'><strong>deitatis</strong></span> 
     </span>
     <span class='ocr_line' id='line_1_29' title="bbox 247 3184 1403 3270; baseline -0.001 -20"><span class='ocrx_word' id='word_1_210' title='bbox 247 3188 349 3251; x_wconf 90' lang='lat' dir='ltr'><strong>locum</strong></span> <span class='ocrx_word' id='word_1_211' title='bbox 365 3187 540 3250; x_wconf 89' lang='lat' dir='ltr'><strong>attribuunt</strong></span> <span class='ocrx_word' id='word_1_212' title='bbox 552 3185 728 3249; x_wconf 82' lang='lat' dir='ltr'><strong>fabricatori</strong></span> <span class='ocrx_word' id='word_1_213' title='bbox 749 3184 841 3270; x_wconf 93' lang='lat' dir='ltr'><strong>hujus</strong></span> <span class='ocrx_word' id='word_1_214' title='bbox 858 3184 1068 3249; x_wconf 84' lang='lat' dir='ltr'><strong>universitatis</strong></span> <span class='ocrx_word' id='word_1_215' title='bbox 1091 3184 1172 3249; x_wconf 91' lang='lat' dir='ltr'><strong>Deo.</strong></span> <span class='ocrx_word' id='word_1_216' title='bbox 1218 3184 1265 3248; x_wconf 90' lang='lat' dir='ltr'><strong>Hi</strong></span> <span class='ocrx_word' id='word_1_217' title='bbox 1287 3194 1403 3262; x_wconf 83' lang='lat' dir='ltr'><strong>autem,</strong></span> 
     </span>
     <span class='ocr_line' id='line_1_30' title="bbox 247 3286 1403 3373; baseline 0 -22"><span class='ocrx_word' id='word_1_218' title='bbox 247 3288 330 3351; x_wconf 89' lang='lat' dir='ltr'><strong>huno</strong></span> <span class='ocrx_word' id='word_1_219' title='bbox 345 3287 470 3373; x_wconf 91' lang='lat' dir='ltr'><strong>quidem</strong></span> <span class='ocrx_word' id='word_1_220' title='bbox 484 3287 563 3350; x_wconf 88' lang='lat' dir='ltr'><strong>labis</strong></span> <span class='ocrx_word' id='word_1_221' title='bbox 584 3288 719 3351; x_wconf 90' lang='lat' dir='ltr'><strong>fructum</strong></span> <span class='ocrx_word' id='word_1_222' title='bbox 742 3287 892 3365; x_wconf 87' lang='lat' dir='ltr'><strong>dicentes,</strong></span> <span class='ocrx_word' id='word_1_223' title='bbox 916 3295 949 3351; x_wconf 90' lang='lat' dir='ltr'><strong>et</strong></span> <span class='ocrx_word' id='word_1_224' title='bbox 970 3286 1136 3350; x_wconf 89' lang='lat' dir='ltr'><strong>animalem</strong></span> <span class='ocrx_word' id='word_1_225' title='bbox 1156 3308 1228 3350; x_wconf 92' lang='lat' dir='ltr'><strong>eum</strong></span> <span class='ocrx_word' id='word_1_226' title='bbox 1244 3297 1403 3362; x_wconf 81' lang='lat' dir='ltr'><strong>vocantes,</strong></span> 
     </span>
     <span class='ocr_line' id='line_1_31' title="bbox 247 3389 1405 3476; baseline -0.001 -22"><span class='ocrx_word' id='word_1_227' title='bbox 247 3397 280 3454; x_wconf 90' lang='lat' dir='ltr'><strong>et</strong></span> <span class='ocrx_word' id='word_1_228' title='bbox 294 3411 355 3453; x_wconf 91' lang='lat' dir='ltr'><strong>non</strong></span> <span class='ocrx_word' id='word_1_229' title='bbox 371 3396 612 3474; x_wconf 80' lang='lat' dir='ltr'><strong>cognoscentem</strong></span> <span class='ocrx_word' id='word_1_230' title='bbox 626 3409 696 3451; x_wconf 86' lang='lat' dir='ltr'><strong>eam</strong></span> <span class='ocrx_word' id='word_1_231' title='bbox 716 3410 786 3474; x_wconf 86' lang='lat' dir='ltr'><strong>quae</strong></span> <span class='ocrx_word' id='word_1_232' title='bbox 808 3411 902 3476; x_wconf 88' lang='lat' dir='ltr'><strong>super</strong></span> <span class='ocrx_word' id='word_1_233' title='bbox 921 3411 993 3454; x_wconf 91' lang='lat' dir='ltr'><strong>eum</strong></span> <span class='ocrx_word' id='word_1_234' title='bbox 1008 3397 1058 3454; x_wconf 87' lang='lat' dir='ltr'><strong>est</strong></span> <span class='ocrx_word' id='word_1_235' title='bbox 1071 3389 1230 3467; x_wconf 84' lang='lat' dir='ltr'><strong>virtutem,</strong></span> <span class='ocrx_word' id='word_1_236' title='bbox 1247 3390 1405 3455; x_wconf 90' lang='lat' dir='ltr'><strong>dicentem</strong></span> 
     </span>
     <span class='ocr_line' id='line_1_32' title="bbox 248 3489 1405 3578; baseline 0.002 -24"><span class='ocrx_word' id='word_1_237' title='bbox 248 3512 380 3578; x_wconf 88' lang='lat' dir='ltr'><strong>quoque,</strong></span> <span class='ocrx_word' id='word_1_238' title='bbox 402 3491 468 3576; x_wconf 74' lang='lat' dir='ltr'><strong>Epo</strong></span> <span class='ocrx_word' id='word_1_239' title='bbox 485 3511 553 3554; x_wconf 80' lang='lat' dir='ltr'><strong>sam</strong></span> <span class='ocrx_word' id='word_1_240' title='bbox 572 3489 667 3566; x_wconf 80' lang='lat' dir='ltr'><strong>Deus,</strong></span> <span class='ocrx_word' id='word_1_241' title='bbox 690 3500 719 3555; x_wconf 84' lang='lat' dir='ltr'><strong>et</strong></span> <span class='ocrx_word' id='word_1_242' title='bbox 731 3501 851 3577; x_wconf 74' lang='lat' dir='ltr'><strong>proter</strong></span> <span class='ocrx_word' id='word_1_243' title='bbox 868 3514 915 3556; x_wconf 86' lang='lat' dir='ltr'><strong>me</strong></span> <span class='ocrx_word' id='word_1_244' title='bbox 929 3513 988 3556; x_wconf 80' lang='lat' dir='ltr'><strong>aon</strong></span> <span class='ocrx_word' id='word_1_245' title='bbox 1002 3501 1047 3556; x_wconf 83' lang='lat' dir='ltr'><strong>est</strong></span> <span class='ocrx_word' id='word_1_246' title='bbox 1065 3493 1148 3556; x_wconf 85' lang='lat' dir='ltr'><strong>aliua</strong></span> <span class='ocrx_word' id='word_1_247' title='bbox 1167 3492 1264 3567; x_wconf 80' lang='lat' dir='ltr'><strong>Deus,</strong></span> <span class='ocrx_word' id='word_1_248' title='bbox 1280 3492 1405 3556; x_wconf 90' lang='lat' dir='ltr'><strong>mentiri</strong></span> 
     </span>
     <span class='ocr_line' id='line_1_33' title="bbox 247 3593 1403 3680; baseline 0.002 -22"><span class='ocrx_word' id='word_1_249' title='bbox 247 3614 319 3658; x_wconf 92' lang='lat' dir='ltr'><strong>eum</strong></span> <span class='ocrx_word' id='word_1_250' title='bbox 345 3593 495 3670; x_wconf 87' lang='lat' dir='ltr'><strong>dicentes,</strong></span> <span class='ocrx_word' id='word_1_251' title='bbox 521 3593 580 3678; x_wconf 91' lang='lat' dir='ltr'><strong>ipsi</strong></span> <span class='ocrx_word' id='word_1_252' title='bbox 605 3593 802 3670; x_wconf 88' lang='lat' dir='ltr'><strong>mentientes,</strong></span> <span class='ocrx_word' id='word_1_253' title='bbox 824 3616 948 3659; x_wconf 91' lang='lat' dir='ltr'><strong>omnem</strong></span> <span class='ocrx_word' id='word_1_254' title='bbox 974 3595 1124 3658; x_wconf 89' lang='lat' dir='ltr'><strong>malitiam</strong></span> <span class='ocrx_word' id='word_1_255' title='bbox 1149 3594 1334 3680; x_wconf 85' lang='lat' dir='ltr'><strong>copulantes</strong></span> <span class='ocrx_word' id='word_1_256' title='bbox 1358 3596 1403 3670; x_wconf 86' lang='lat' dir='ltr'><strong>ei;</strong></span> 
     </span>
     <span class='ocr_line' id='line_1_34' title="bbox 247 3696 1407 3785; baseline 0.001 -24"><span class='ocrx_word' id='word_1_257' title='bbox 247 3718 318 3761; x_wconf 94' lang='lat' dir='ltr'><strong>eum</strong></span> <span class='ocrx_word' id='word_1_258' title='bbox 334 3696 388 3782; x_wconf 91' lang='lat' dir='ltr'><strong>qui</strong></span> <span class='ocrx_word' id='word_1_259' title='bbox 402 3718 464 3759; x_wconf 94' lang='lat' dir='ltr'><strong>non</strong></span> <span class='ocrx_word' id='word_1_260' title='bbox 483 3704 532 3761; x_wconf 86' lang='lat' dir='ltr'><strong>est</strong></span> <span class='ocrx_word' id='word_1_261' title='bbox 546 3718 640 3782; x_wconf 89' lang='lat' dir='ltr'><strong>super</strong></span> <span class='ocrx_word' id='word_1_262' title='bbox 654 3697 747 3774; x_wconf 81' lang='lat' dir='ltr'><strong>hunc,</strong></span> <span class='ocrx_word' id='word_1_263' title='bbox 764 3697 847 3784; x_wconf 93' lang='lat' dir='ltr'><strong>quod</strong></span> <span class='ocrx_word' id='word_1_264' title='bbox 860 3698 912 3775; x_wconf 91' lang='lat' dir='ltr'><strong>sit,</strong></span> <span class='ocrx_word' id='word_1_265' title='bbox 928 3699 1084 3785; x_wconf 86' lang='lat' dir='ltr'><strong>fingentes</strong></span> <span class='ocrx_word' id='word_1_266' title='bbox 1095 3698 1267 3763; x_wconf 87' lang='lat' dir='ltr'><strong>secundum</strong></span> <span class='ocrx_word' id='word_1_267' title='bbox 1280 3707 1407 3762; x_wconf 89' lang='lat' dir='ltr'><strong>senten·</strong></span> 
     </span>
     <span class='ocr_line' id='line_1_35' title="bbox 247 3799 1404 3886; baseline 0.001 -23"><span class='ocrx_word' id='word_1_268' title='bbox 247 3799 324 3863; x_wconf 88' lang='lat' dir='ltr'><strong>tiam</strong></span> <span class='ocrx_word' id='word_1_269' title='bbox 339 3820 438 3875; x_wconf 88' lang='lat' dir='ltr'><strong>suam,</strong></span> <span class='ocrx_word' id='word_1_270' title='bbox 455 3799 643 3885; x_wconf 80' lang='lat' dir='ltr'><strong>deteguntur</strong></span> <span class='ocrx_word' id='word_1_271' title='bbox 661 3820 733 3864; x_wconf 90' lang='lat' dir='ltr'><strong>eum</strong></span> <span class='ocrx_word' id='word_1_272' title='bbox 753 3800 878 3886; x_wconf 90' lang='lat' dir='ltr'><strong>quidem</strong></span> <span class='ocrx_word' id='word_1_273' title='bbox 898 3801 950 3886; x_wconf 92' lang='lat' dir='ltr'><strong>qui</strong></span> <span class='ocrx_word' id='word_1_274' title='bbox 972 3808 1020 3865; x_wconf 88' lang='lat' dir='ltr'><strong>est</strong></span> <span class='ocrx_word' id='word_1_275' title='bbox 1037 3801 1125 3864; x_wconf 91' lang='lat' dir='ltr'><strong>Deus</strong></span> <span class='ocrx_word' id='word_1_276' title='bbox 1139 3799 1404 3885; x_wconf 87' lang='lat' dir='ltr'><strong>blasphemantes,</strong></span> 
     </span>
     <span class='ocr_line' id='line_1_36' title="bbox 248 3901 1407 3988; baseline 0 -22"><span class='ocrx_word' id='word_1_277' title='bbox 248 3923 320 3966; x_wconf 92' lang='lat' dir='ltr'><strong>eum</strong></span> <span class='ocrx_word' id='word_1_278' title='bbox 343 3909 448 3964; x_wconf 88' lang='lat' dir='ltr'><strong>autem</strong></span> <span class='ocrx_word' id='word_1_279' title='bbox 467 3901 519 3986; x_wconf 93' lang='lat' dir='ltr'><strong>qui</strong></span> <span class='ocrx_word' id='word_1_280' title='bbox 541 3922 604 3964; x_wconf 90' lang='lat' dir='ltr'><strong>non</strong></span> <span class='ocrx_word' id='word_1_281' title='bbox 628 3910 677 3966; x_wconf 89' lang='lat' dir='ltr'><strong>est</strong></span> <span class='ocrx_word' id='word_1_282' title='bbox 697 3901 801 3966; x_wconf 89' lang='lat' dir='ltr'><strong>Deum</strong></span> <span class='ocrx_word' id='word_1_283' title='bbox 826 3903 982 3988; x_wconf 83' lang='lat' dir='ltr'><strong>fingentes</strong></span> <span class='ocrx_word' id='word_1_284' title='bbox 1004 3902 1037 3965; x_wconf 93' lang='lat' dir='ltr'><strong>in</strong></span> <span class='ocrx_word' id='word_1_285' title='bbox 1058 3924 1147 3967; x_wconf 88' lang='lat' dir='ltr'><strong>suam</strong></span> <span class='ocrx_word' id='word_1_286' title='bbox 1162 3901 1306 3987; x_wconf 89' lang='lat' dir='ltr'><strong>ipsorum</strong></span> <span class='ocrx_word' id='word_1_287' title='bbox 1332 3924 1407 3968; x_wconf 92' lang='lat' dir='ltr'><strong>con·</strong></span> 
     </span>
     <span class='ocr_line' id='line_1_37' title="bbox 249 4002 1407 4089; baseline -0.001 -21"><span class='ocrx_word' id='word_1_288' title='bbox 249 4002 489 4068; x_wconf 79' lang='lat' dir='ltr'><strong>damnationem.</strong></span> <span class='ocrx_word' id='word_1_289' title='bbox 524 4002 568 4067; x_wconf 89' lang='lat' dir='ltr'><strong>Et</strong></span> <span class='ocrx_word' id='word_1_290' title='bbox 583 4003 634 4089; x_wconf 90' lang='lat' dir='ltr'><strong>qui</strong></span> <span class='ocrx_word' id='word_1_291' title='bbox 650 4003 758 4068; x_wconf 88' lang='lat' dir='ltr'><strong>dicunt</strong></span> <span class='ocrx_word' id='word_1_292' title='bbox 779 4004 964 4089; x_wconf 88' lang='lat' dir='ltr'><strong>semetipsos</strong></span> <span class='ocrx_word' id='word_1_293' title='bbox 977 4005 1131 4089; x_wconf 86' lang='lat' dir='ltr'><strong>perfectos</strong></span> <span class='ocrx_word' id='word_1_294' title='bbox 1144 4010 1178 4068; x_wconf 90' lang='lat' dir='ltr'><strong>et</strong></span> <span class='ocrx_word' id='word_1_295' title='bbox 1191 4003 1407 4069; x_wconf 89' lang='lat' dir='ltr'><strong>universomm</strong></span> 
     </span>
     <span class='ocr_line' id='line_1_38' title="bbox 249 4103 1407 4194; baseline 0.001 -26"><span class='ocrx_word' id='word_1_296' title='bbox 249 4105 365 4169; x_wconf 89' lang='lat' dir='ltr'><strong>habere</strong></span> <span class='ocrx_word' id='word_1_297' title='bbox 388 4103 579 4190; x_wconf 84' lang='lat' dir='ltr'><strong>agnitionem</strong></span> <span class='ocrx_word' id='word_1_298' title='bbox 606 4105 740 4169; x_wconf 90' lang='lat' dir='ltr'><strong>ethnicis</strong></span> <span class='ocrx_word' id='word_1_299' title='bbox 766 4105 897 4191; x_wconf 88' lang='lat' dir='ltr'><strong>pejores,</strong></span> <span class='ocrx_word' id='word_1_300' title='bbox 923 4115 956 4170; x_wconf 90' lang='lat' dir='ltr'><strong>et</strong></span> <span class='ocrx_word' id='word_1_301' title='bbox 982 4105 1082 4194; x_wconf 86' lang='lat' dir='ltr'><strong>magis</strong></span> <span class='ocrx_word' id='word_1_302' title='bbox 1110 4105 1285 4192; x_wconf 88' lang='lat' dir='ltr'><strong>blasphemi</strong></span> <span class='ocrx_word' id='word_1_303' title='bbox 1311 4127 1407 4171; x_wconf 85' lang='lat' dir='ltr'><strong>sensu</strong></span> 
     </span>
     <span class='ocr_line' id='line_1_39' title="bbox 251 4206 1013 4273; baseline 0.003 -2"><span class='ocrx_word' id='word_1_304' title='bbox 251 4207 346 4271; x_wconf 89' lang='lat' dir='ltr'><strong>etiam</strong></span> <span class='ocrx_word' id='word_1_305' title='bbox 359 4206 521 4270; x_wconf 84' lang='lat' dir='ltr'><strong>adversum</strong></span> <span class='ocrx_word' id='word_1_306' title='bbox 535 4228 627 4270; x_wconf 92' lang='lat' dir='ltr'><strong>suum</strong></span> <span class='ocrx_word' id='word_1_307' title='bbox 641 4206 790 4271; x_wconf 87' lang='lat' dir='ltr'><strong>factorem</strong></span> <span class='ocrx_word' id='word_1_308' title='bbox 804 4206 1013 4273; x_wconf 85' lang='lat' dir='ltr'><strong>inveniuntur.</strong></span> 
     </span>
    </p>
   </div>
   <div class='ocr_carea' id='block_1_7' title="bbox 261 4343 1403 4493">
    <p class='ocr_par' dir='ltr' id='par_1_8' title="bbox 261 4343 1403 4493">
     <span class='ocr_line' id='line_1_40' title="bbox 301 4343 1403 4409; baseline 0.005 -17"><span class='ocrx_word' id='word_1_309' title='bbox 301 4343 310 4374; x_wconf 86' lang='lat'>¹</span> <span class='ocrx_word' id='word_1_310' title='bbox 339 4346 392 4392; x_wconf 78' lang='grc' dir='ltr'><strong>Τῶν</strong></span> <span class='ocrx_word' id='word_1_311' title='bbox 411 4346 516 4406; x_wconf 68' lang='grc' dir='ltr'><strong>ἀρχαίων</strong></span> <span class='ocrx_word' id='word_1_312' title='bbox 536 4346 580 4403; x_wconf 70' lang='grc' dir='ltr'><strong>μὲν</strong></span> <span class='ocrx_word' id='word_1_313' title='bbox 601 4345 641 4393; x_wconf 71' lang='grc' dir='ltr'><strong>καὶ</strong></span> <span class='ocrx_word' id='word_1_314' title='bbox 664 4345 697 4392; x_wconf 85' lang='lat' dir='ltr'><strong>rd</strong></span> <span class='ocrx_word' id='word_1_315' title='bbox 718 4345 803 4405; x_wconf 67' lang='grc' dir='ltr'>πρῶτα</span> <span class='ocrx_word' id='word_1_316' title='bbox 853 4347 944 4405; x_wconf 74' lang='grc' dir='ltr'>ταυτὴν</span> <span class='ocrx_word' id='word_1_317' title='bbox 960 4348 1006 4406; x_wconf 73' lang='grc' dir='ltr'><strong>τὴν</strong></span> <span class='ocrx_word' id='word_1_318' title='bbox 1024 4347 1107 4396; x_wconf 74' lang='grc' dir='ltr'><strong>πίστιν</strong></span> <span class='ocrx_word' id='word_1_319' title='bbox 1123 4347 1313 4409; x_wconf 72' lang='grc' dir='ltr'><strong>φυλαττομένων</strong></span> <span class='ocrx_word' id='word_1_320' title='bbox 1329 4352 1403 4397; x_wconf 63' lang='lat' dir='ltr'><strong>aab.</strong></span> 
     </span>
     <span class='ocr_line' id='line_1_41' title="bbox 261 4423 1075 4493; baseline 0.004 -18"><span class='ocrx_word' id='word_1_321' title='bbox 261 4443 277 4475; x_wconf 79' lang='grc' dir='ltr'><em>κ</em></span> <span class='ocrx_word' id='word_1_322' title='bbox 299 4423 344 4487; x_wconf 71' lang='grc' dir='ltr'><strong>τῆς</strong></span> <span class='ocrx_word' id='word_1_323' title='bbox 365 4426 409 4476; x_wconf 82' lang='grc' dir='ltr'><strong>τοῦ</strong></span> <span class='ocrx_word' id='word_1_324' title='bbox 429 4427 623 4491; x_wconf 74' lang='grc' dir='ltr'><strong>πρωτοπλάστου</strong></span> <span class='ocrx_word' id='word_1_325' title='bbox 651 4427 803 4487; x_wconf 67' lang='grc' dir='ltr'>παραδόσεως</span> <span class='ocrx_word' id='word_1_326' title='bbox 853 4428 990 4491; x_wconf 67' lang='lat' dir='ltr'><strong>(precipua</strong></span> <span class='ocrx_word' id='word_1_327' title='bbox 1000 4428 1075 4493; x_wconf 76' lang='lat' dir='ltr'><strong>tanc).</strong></span> 
     </span>
    </p>
   </div>
   <div class='ocr_carea' id='block_1_8' title="bbox 0 0 1492 4986">
    <p class='ocr_par' dir='ltr' id='par_1_9' title="bbox 0 0 1492 4986">
     <span class='ocr_line' id='line_1_42' title="bbox 0 0 1492 4986; baseline 0 0"><span class='ocrx_word' id='word_1_328' title='bbox 0 0 1492 4986; x_wconf 95' lang='lat' dir='ltr'><strong> </strong></span> 
     </span>
    </p>
   </div>
  </div>
 </body>
</html>
