2954 4986
258 329 324 393 206
706 342 966 396 csnrocnarrs

97 517 241 603 gfff-Ilm
258 503 293 575 δὲ
318 503 404 577 κατὰ
433 504 553 589 μηδένα
579 506 824 579 ἆπολεῖπεσθαι
853 511 917 578 τοῦ
943 504 1064 588 Ἰησοῦ.
1129 501 1205 582 Τὰς
1235 500 1272 574 δὲ
1304 501 1475 618 ψυχᾶςξιῆ

92 611 244 696 ”Ashl'm
258 619 363 689 αύτῶν
380 620 413 688 ἐκ
426 626 484 700 τῆς
501 621 740 717 ιὑπερκειμένης
752 618 902 714 ἐξουσίας
919 613 1001 724 [ΕΡ.
1013 626 1071 701 τής
1088 618 1186 700 αύτής
1207 613 1421 722 περιφορᾶς]
1434 627 1475 666 ve:

258 733 438 828 παρούσας,
476 732 530 801 καὶ
567 730 619 801 διὰ
653 738 760 803 τοῦτο
794 734 947 808 ὡσαύτως
975 736 1224 830 ’καταφρονεῖν
1243 726 1286 834 [f.
1303 761 1331 800 c.
1349 735 1422 799 INT.

257 837 556 946 καταφρονούσας]
596 849 662 915 τῶν
696 849 910 928 κοσμοποιῶν
941 841 993 912 διὰ
1030 852 1088 925 τῆς
1124 845 1224 925 αὐτῆς
1261 841 1422 937 ἠξιῶσθαι

259 954 425 1039 δυνάμεως,
449 955 502 1026 καὶ
522 954 611 1032 αὖθις
636 959 678 1032 εἰς
703 956 746 1028 τὸ
766 955 848 1028 air&
877 963 1036 1055 χωρῆσαι.
1089 955 1138 1026 Εἰ
1163 954 1200 1025 ds'
1224 987 1278 1032 τις
1305 956 1423 1026 ἐκείνου

259 1069 364 1138 πλέον
390 1073 674 1168 καταφρονήσειεν
701 1074 768 1140 τῶν
797 1071 947 1152 ἐνταῦθα,
978 1067 1133 1140 δύνασθαι
1164 1066 1423 1168 διαφορώτερον

260 1181 361 1252 αύτοῦ
377 1179 545 1279 ὑπάρχειν.

339 1315 370 1361 2.
423 1292 577 1389 3Τεχνὰς
607 1291 661 1364 οὖν
696 1293 840 1387 μαγικᾶς
870 1291 1126 1395 ἐξεργαζόμενοι
1160 1294 1216 1364 καὶ
1254 1291 1420 1375 ἐπαοιδὰς,

261 1405 395 1504 φίλτρα
414 1405 523 1476 τεκαὶ
542 1411 736 1505 χαριτήσια,
758 1405 939 1506 παρέδρους
953 1439 993 1479 τε
1009 1406 1061 1477 καὶ
1082 1407 1354 1504 όνειροπόμπους
1370 1406 1420 1476 καὶ

260 1515 306 1588 τὰ
331 1516 437 1589 λοιπὰ
459 1524 727 1617 κακουργήματα,
757 1517 944 1619 φάσκοντες
968 1517 1119 1613 ἐξουσίαν
1147 1521 1239 1615 ἔχειν
1267 1517 1357 1617 πρός
1381 1517 1420 1591 τό

259 1633 411 1728 κυριεύειν
432 1629 488 1713 ήδη
511 1636 578 1702 τῶν
604 1633 776 1730 ἀρχόντων
804 1633 857 1702 καὶ
885 1637 1030 1715 ποιητῶν
1059 1629 1158 1703 τοῦδε
1187 1637 1256 1703 τοῦ
1284 1633 1417 1714 κόσμου,

261 1744 320 1813 4ού
343 1744 405 1829 μήν
432 1741 523 1813 ἀλλὰ
549 1745 601 1813 καὶ
629 1749 694 1815 τῶν
720 1746 753 1814 ἐν
775 1746 868 1834 αύτῷ
888 1741 1080 1827 ποιημάτων
1105 1741 1275 1828 ἀπόντων,
1307 1746 1419 1820 οἵτινες

261 1855 315 1926 καὶ
348 1857 441 1928 αὐτοὶ
470 1859 513 1932 εἷς
540 1855 702 1944 διαβολήν
728 1863 791 1928 τοῦ
818 1857 906 1928 θείου
928 1865 985 1939 τῆς
1014 1857 1219 1940 'Exstat-lac
1246 1859 1416 1939 ὀνόματος,

262 1967 346 2067 πρὸς
364 1964 405 2074 [l.
424 1972 464 2046 ὡς
482 1963 555 2073 καὶ]
574 1967 619 2040 τὰ
637 1971 710 2050 ἔθνη
735 1969 799 2040 ὑπό
822 1975 885 2041 τοῦ
906 1970 1045 2040 Σατανᾶ
1068 1971 1348 2068 προεβλήθησαν,
1369 1971 1416 2040 ἵνα

261 2080 334 2151 κατ’
361 2080 469 2153 ἄλλον
485 2080 538 2152 καὶ
558 2080 667 2152 ἄλλον
685 2082 816 2182 τρόπον
835 2080 879 2154 τὰ
900 2082 1021 2153 ἐκείνων
1043 2082 1217 2158 ἀκούοντες
1240 2080 1414 2182 ἅνθρωποι,

261 2275 295 2341 in
312 2276 398 2341 nullo
416 2277 607 2342 deminorari
630 2276 759 2342 aJesu.
812 2277 942 2342 Animas
965 2277 1049 2342 enim
1074 2277 1217 2363 ipsorum
1240 2300 1282 2343 ex
1309 2279 1414 2344 eadem

263 2376 502 2441 circumlatione
517 2377 730 2452 devenientes,
750 2385 782 2442 et
797 2378 868 2442 ideo
883 2377 1030 2442 similiter
1047 2386 1294 2443 contemnentes
1311 2378 1415 2442 mundi

263 2476 480 2551 fabricatores,
492 2477 603 2541 eadem
618 2477 730 2565 dignas
746 2477 874 2543 habitas
889 2498 957 2541 esse
972 2476 1102 2555 virtute,
1114 2484 1148 2542 et
1161 2499 1274 2542 rursus
1288 2478 1322 2543 in
1336 2478 1414 2542 idem

262 2575 360 2639 abire.
410 2576 443 2640 Si
462 2576 531 2661 quis
548 2585 656 2641 autem
676 2577 747 2662 plus
766 2600 861 2662 quam
879 2576 931 2641 ille
946 2577 1174 2663 contempserit
1192 2600 1326 2665 eaquae
1342 2587 1412 2643 sunt

262 2673 322 2746 hic,
342 2697 432 2760 posse
449 2675 610 2740 meliorem
623 2699 719 2762 quam
737 2677 823 2742 illum
839 2699 914 2741 esse.

340 2778 370 2841 2.
405 2775 505 2838 Artes
523 2774 606 2838 enim
628 2775 765 2861 magicas
783 2783 957 2861 operantur
974 2783 1007 2841 et
1025 2775 1094 2861 ipsi,
1112 2783 1147 2842 et
1168 2775 1412 2851 incantationes,

263 2872 382 2959 philtra
409 2895 535 2959 quoque
562 2881 596 2938 et
624 2874 805 2954 charitesia,
830 2883 864 2941 et
887 2877 1048 2961 paredros.
1068 2883 1102 2942 et
1126 2876 1366 2964 oniropompos‚
1382 2884 1413 2942 et

262 2973 401 3058 reliquas
418 2973 671 3061 malignationes,
694 2973 836 3040 dicentes
855 2999 889 3041 se
906 2982 1100 3062 potestatem
1117 2975 1238 3042 habere
1256 2978 1301 3042 ad
1319 2976 1412 3042 domi-

261 3075 404 3138 nandum
425 3075 493 3160 jam
518 3073 712 3161 principibus
742 3083 775 3140 et
801 3075 1044 3141 fabricatoribus
1066 3075 1160 3161 hujus
1185 3077 1321 3141 mundi:
1354 3098 1413 3141 nou

261 3174 363 3238 solum
380 3184 497 3250 autem,
513 3176 618 3240 sedet
635 3175 683 3240 his
700 3175 854 3253 omnibus,
874 3198 944 3261 quse
962 3175 994 3238 in
1012 3198 1050 3239 eo
1064 3184 1138 3240 sunt
1156 3176 1254 3242 facta
1301 3176 1367 3255 Qui
1382 3184 1413 3241 et

262 3272 321 3356 ipsi
340 3276 381 3337 ad
399 3275 684 3340 ⁵detrectationem
702 3275 802 3338 divini
820 3275 970 3340 Ecclesiae
988 3275 1133 3353 nominis,
1146 3277 1413 3362 quemadmodum

263 3379 297 3434 et
308 3381 431 3456 gentes,
449 3394 469 3436 a
487 3374 609 3437 Satana
623 3374 777 3458 praemissi
793 3383 877 3449 sunt,
896 3375 945 3439 uti
962 3375 1134 3440 secundum
1152 3375 1251 3441 alium
1270 3385 1307 3443 et
1322 3377 1413 3443 alium

263 3471 400 3546 modum,
420 3481 581 3556 quaesunt
597 3472 722 3536 illorum
738 3474 904 3539 audientes
921 3473 1073 3550 homiues,
1091 3482 1125 3539 et
1143 3482 1300 3560 putantes
1311 3497 1415 3543 omnes

309 3648 317 3679 ¹
337 3648 507 3698 Hirrocrrus
525 3650 763 3698 aestuaremus
785 3649 811 3698 in
861 3649 983 3712 Apostolis
1004 3657 1025 3698 ει
1047 3658 1189 3714 perennem
1216 3659 1238 3701 et
1260 3668 1318 3701 cnm
1339 3653 1415 3701 υοῖυιιι

259 3736 318 3779 note
331 3746 353 3791 α,
377 3749 475 3797 express
493 3750 508 3782 a
525 3735 642 3783 manifest
664 3734 730 3798 gloss
747 3733 812 3781 from
857 3731 998 3794 praeferunt
1009 3733 1416 3795 qnaspreindsdssublimirirtste

259 3813 303 3861 the
315 3814 609 3877 margiri;Er1Pnns1us
620 3815 668 3863 and
677 3816 719 3864 the
731 3820 810 3863 trans·
860 3813 1008 3875 emaceperr‘ut
1032 3813 1171 3876 doepedricc
1198 3816 1414 3879 mundhpdaielsn

259 3895 324 3943 lator
334 3911 448 3957 preserve
457 3897 501 3944 the
511 3901 580 3945 truer
590 3902 651 3947 text.
860 3895 1050 3957 periclem-uum.
1085 3895 1164 3944 Tsnr.
1177 3896 1207 3944 dc
1219 3899 1270 3947 Διι.
1287 3914 1328 3962 23.

309 3974 321 4006 ²
336 3976 388 4025 The
405 3977 551 4025 translation
569 3995 647 4027 seems
663 3984 690 4028 to
712 3996 812 4044 express
910 3976 920 4008 ³
938 3978 983 4026 See
993 3995 1018 4041 p.
1036 3993 1087 4043 194,
1102 3984 1173 4027 notes
1188 3994 1208 4040 r,
1224 3994 1247 4042 s,
1262 3995 1287 4043 3.

259 4057 303 4106 the
316 4057 394 4105 wonls
405 4057 433 4105 of
447 4058 489 4106 the
501 4059 585 4106 writer
598 4060 679 4108 better
692 4062 754 4108 than
769 4062 811 4109 the
910 4058 959 4107 ⁴erl
973 4062 1020 4119 μὴν
1034 4063 1099 4110 ἀλλὰ
1116 4063 1162 4119 καί,
1181 4078 1233 4124 noy
1250 4063 1293 4111 hut
1309 4063 1412 4122 libain,

261 4139 350 4200 Greek,
371 4139 452 4187 which
468 4155 527 4203 may
543 4141 574 4189 be
590 4142 649 4189 thus
671 4143 811 4190 corrected:
860 4141 904 4189 the
921 4142 1055 4190 translator
1071 4143 1137 4202 read,
1158 4145 1185 4191 οὐ
1199 4145 1272 4202 μόνον
1288 4147 1356 4194 ἀλλὰ
1369 4146 1411 4193 unt

262 4240 283 4271 κ.
297 4224 317 4273 δ.
332 4241 355 4272 τ.
369 4223 482 4271 ὡσαύτως
493 4224 687 4284 καταφρονοῦσαι
698 4225 745 4271 τῶν
757 4242 810 4273 κοσ·
910 4223 920 4254 ⁵
937 4225 1124 4275 detrectationem
1138 4227 1158 4274 is
1173 4229 1285 4277 restored
1300 4231 1365 4278 from
1376 4229 1413 4277 the

262 4302 375 4361 μοτοιῶν,
393 4301 436 4359 τῆι
458 4301 531 4357 αὐτῆς
552 4301 666 4358 ἠξιῶσθαι
685 4302 810 4361 δυνάμεως,
861 4306 961 4356 Onnum.
975 4308 1032 4357 MS.
1045 4327 1050 4369 ;
1061 4310 1103 4358 the
1115 4312 1222 4359 Altum).
1232 4311 1292 4360 MS.
1306 4309 1412 4361 followed

264 4386 344 4433 ιι,τ.λ.
368 4381 813 4442 ἃδαθαηνοιπαὶωιααιιιηᾱειιιιίδί
860 4387 894 4451 by
906 4388 1000 4436 GBABE
1017 4390 1061 4439 has
1079 4390 1255 4442 detractionem.
1291 4394 1346 4442 'the
1364 4395 1410 4441 Aa.

263 4463 293 4511 de
313 4463 477 4526 ιυραύοηδιιι
498 4463 614 4524 vindicat,
642 4471 668 4512 ut
694 4465 813 4527 discipuli
861 4469 910 4517 and
922 4469 965 4518 Cn.
981 4471 1056 4521 MSS.
1070 4472 1129 4521 both
1141 4473 1205 4521 have
1216 4473 1299 4523 dicei
1310 4474 1412 4524 scaete

262 4543 312 4605 ηἰιι
325 4547 422 4596 animos
436 4561 493 4595 saus
503 4545 558 4610 jam
574 4552 595 4601 c
610 4544 712 4608 etr-nc,
725 4547 813 4597 nedum
861 4549 972 4599 πονιίαιί.
