2954 4986
225 302 292 367 316
647 313 941 367 INCONSTAN'I'IAE

87 490 140 529 ιιι
150 490 179 574 ιι.
225 473 392 532 conantem
414 466 492 544 fieri,
511 473 544 531 et
566 465 874 550 comprehensionem
900 472 1037 580 paternae
1059 463 1206 529 veritatis
1226 461 1380 546 concupis·

186 677 263 734 ut
278 668 397 734 ¹nisi
369 692 398 734 er
418 616 602 734 ocoirrrisset
616 668 732 746 virtuti,
747 690 817 753 quac
835 669 940 732 omnia
955 617 1070 746 firniat,
1085 667 1260 733 dissolutus
1280 612 1382 730 fuissei

228 773 260 836 in
273 772 448 837 universam
463 771 681 850 substantiam,
696 779 730 836 et
743 771 979 837 exterminatus.

664 991 766 1055 OAP.
790 989 950 1054 XXVII.

232 1120 417 1212 Quoniam
442 1148 510 1195 non
535 1120 636 1219 cepit
654 1122 811 1195 AEooeot
836 1119 939 1217 infra
956 1118 1135 1192 Pleroma
1160 1115 1383 1191 desiderium

591 1234 779 1336 passionis
797 1234 1014 1334 percepisse.

296 1392 444 1456 Vrsini
460 1401 509 1458 est
527 1393 595 1458 haec
615 1393 827 1478 praesumptio,
850 1401 967 1458 atvero
985 1392 1208 1457 destitutorum
1223 1412 1244 1456 a
1257 1391 1383 1456 veritate
1394 1409 1416 1447 ¹¹·
1423 1409 1440 1445 1*

228 1517 339 1560 sensus
354 1496 524 1561 hominum.
571 1497 724 1577 Quoniam
739 1497 821 1560 enim
834 1498 925 1561 AEon
946 1496 998 1559 hic
1013 1479 1121 1560 melior
1140 1503 1190 1559 est
1205 1517 1303 1578 quam
1317 1493 1383 1578 ipsi,

229 1606 263 1661 et
291 1599 452 1675 vetustior,
478 1597 538 1682 ipsi
564 1620 686 1682 quoque
711 1599 899 1662 confitentur
921 1597 1092 1662 seeundum
1114 1617 1206 1659 suam
1236 1596 1383 1683 regulum,

231 1700 370 1764 dicentes
384 1723 418 1765 se
441 1722 509 1765 esse
527 1710 711 1784 conceptum
735 1700 963 1786 Enthymeseos
977 1701 1045 1784 ejus
1060 1698 1179 1762 AEonis
1201 1700 1255 1783 qui
1278 1720 1386 1782 pessus

230 1810 289 1878 est,
304 1801 350 1866 ita
364 1811 400 1866 ut
417 1803 460 1866 sit
474 1803 524 1866 hic
540 1805 631 1866 AEou
647 1802 763 1868 Matris
777 1803 914 1888 ipsorum
928 1811 1027 1889 pater,
1040 1802 1072 1865 id
1087 1810 1136 1866 est
1148 1823 1226 1866 avus
1240 1803 1386 1886 ipsorum.

232 1912 277 1977 Et
303 1914 524 1998 posterioribus
553 1915 678 1998 quidem
706 1915 871 1998 nepotibus
894 1914 1058 1999 exquisitio
1081 1913 1188 1977 Patris
1213 1913 1384 1988 veritatem,

231 2025 264 2080 et
287 2016 518 2099 perfectionem,
541 2025 573 2080 et
598 2016 876 2095 confirmationem,
897 2022 947 2081 2et
968 2016 1189 2101 eliquationem
1213 2037 1234 2080 a
1255 2014 1384 2079 fluxibili

231 2119 361 2183 materia
384 2119 469 2197 facit,
492 2120 574 2184 sicut
597 2120 714 2195 dicunt,
734 2127 767 2185 et
790 2112 1069 2184 reconciliationem
1089 2119 1129 2182 ad
1150 2119 1303 2182 Patrem:
1328 2139 1384 2182 avo

230 2229 336 2286 autem
355 2221 492 2305 ipsorum
507 2221 575 2286 baec
597 2222 706 2286 cadem
726 2221 883 2306 inquisitio
904 2221 1122 2308 ignorantiam,
1145 2229 1178 2284 et
1198 2221 1383 2305 passionem,

231 2330 264 2386 et
287 2323 565 2407 expavescentiam‚
590 2331 623 2388 et
651 2323 804 2401 timorem,
835 2331 868 2388 ct
885 2322 1167 2388 consternationem
1188 2321 1326 2399 'infecit
1346 2344 1384 2386 ex

231 2426 343 2510 quibus
357 2433 390 2491 et
403 2427 611 2491 substantiam
627 2427 764 2492 materiae
779 2428 894 2492 laetam
908 2426 1026 2491 dicunt.
1071 2425 1248 2509 Exquirere
1262 2447 1337 2512 ergo
1354 2432 1385 2489 et

230 2528 417 2617 investigare
432 2530 604 2614 perlectum
616 2531 755 2607 Patrem,
764 2538 797 2595 et
805 2528 1086 2614 concupiscentiam
1096 2527 1386 2593 communicationis

230 2653 302 2696 cum
323 2653 361 2695 eo
386 2639 419 2695 et
440 2631 581 2708 unitatis,
604 2631 663 2697 sibi
698 2631 822 2716 quidem
843 2631 979 2696 salutare
1001 2631 1087 2706 fieri;
1105 2631 1208 2694 AEoni
1231 2639 1386 2705 autema

231 2755 293 2816 quo
314 2741 347 2798 et
367 2755 467 2819 genus
489 2735 616 2811 habent,
639 2734 850 2799 dissolutionis
878 2742 910 2799 et
933 2732 1115 2818 perditionis
1138 2754 1268 2797 causam
1293 2733 1386 2796 luisse

232 2835 381 2913 dicentes,
397 2835 552 2920 quomodo
567 2857 630 2900 non
651 2858 707 2920 per
730 2837 835 2901 omnia
857 2835 1072 2922 incongruum,
1089 2844 1123 2900 et
1144 2835 1278 2913 fatuum,
1294 2844 1327 2900 et
1347 2834 1385 2898 ir·

232 2937 434 3003 rationabile?
478 2938 523 3002 Et
538 2939 591 3025 qui
605 2939 781 3003 assentiunt
797 2939 858 3018 his,
873 2960 944 3004 vere
960 2938 1045 3017 caci,
1061 2937 1154 3002 caecis
1169 2937 1386 3003 ⁴ducatoribus

233 3049 366 3120 utentes,
378 3041 464 3127 juste
478 3049 511 3106 et
525 3049 673 3106 corruunt
687 3040 719 3104 in
733 3040 946 3126 subjacentem
960 3038 1142 3126 ignorantiae
1158 3039 1356 3124 profundum.

667 3260 768 3326 OAP.
793 3260 972 3325 XXVIII.

235 3399 421 3489 eromodo
445 3398 647 3474 desemine
669 3398 835 3497 ipsorum
856 3424 973 3474 cerno
995 3397 1185 3472 universus
1206 3397 1388 3473 instabiles

304 3513 526 3589 ostenditur.-
549 3528 581 3589 et
606 3515 781 3614 peroniaco
803 3541 874 3590 non
894 3515 1078 3615 epimenia
1100 3515 1331 3614 Demierqus
1349 3515 1388 3589 io

309 3659 391 3708 enm
407 3631 555 3708 seminis
571 3632 840 3732 depositionem.

233 3792 364 3873 Quiris
394 3798 443 3855 est
470 3799 576 3856 autem
610 3799 643 3855 et
672 3790 712 3855 de
742 3790 860 3856 semiue
890 3790 1027 3874 ipsorum
1056 3810 1170 3869 sermo,
1202 3797 1389 3875 conceptum
1403 3813 1440 3851 nr

232 3893 356 3978 quidem
370 3893 456 3958 illum
470 3895 639 3959 secundum
654 3893 870 3981 figurationem
884 3915 990 3959 eorum
1005 3893 1143 3978 quisunt
1157 3914 1233 3980 erga
1249 3894 1391 3959 Salvato-

231 4017 298 4059 rcm
317 3996 497 4083 angelorum
512 4019 532 4060 a
549 3997 653 4061 Matre
668 3997 808 4075 inlorme,
832 4005 865 4062 et
884 3996 952 4061 sine
968 3995 1083 4080 specie,
1097 4003 1131 4060 et
1151 3995 1388 4080 imperfectum

232 4098 407 4182 depositum
422 4107 527 4164 autem
542 4099 575 4163 in
591 4099 805 4186 Demiurgum,
821 4099 978 4165 nesciente
993 4120 1041 4177 eo,
1056 4107 1093 4163 ut
1107 4120 1163 4183 per
1180 4121 1253 4164 eum
1272 4099 1306 4163 in
1320 4121 1391 4164 earn

231 4201 367 4266 animam
388 4224 456 4287 quae
471 4210 539 4267 erat
552 4203 593 4266 ab
607 4223 646 4267 eo
660 4202 873 4283 5seminatam,
888 4202 1108 4288 perlectionem
1123 4211 1156 4268 et
1170 4203 1391 4269 formationem

281 4345 290 4377 ¹
309 4346 346 4394 Ol.
365 4363 388 4409 p.
406 4359 441 4407 ¹5.
885 4347 897 4379 ⁴
914 4349 992 4399 Ome
1005 4350 1107 4411 ὁδηγοῖς.
1127 4349 1164 4398 Cf.
1178 4366 1203 4414 p.
1219 4364 1274 4414 149.

281 4425 701 4490 ’ralbribwpnrrrir'vypirlbna
884 4428 928 4479 ⁸i.
937 4446 958 4478 e.
971 4431 1001 4479 τὸ
1012 4431 1111 4493 σπαρέν.
1146 4430 1200 4479 The
1214 4431 1317 4483 Chunus.
1331 4431 1389 4481 MS.

281 4507 440 4569 'tresclens
477 4511 515 4559 Cf.
528 4527 548 4560 c.
561 4510 629 4560 xxvi.
647 4510 664 4559 l.
680 4524 701 4572 3.
835 4509 1042 4561 bannientem
