<?xml version="1.0" encoding="UTF-8"?>
<!DOCTYPE html PUBLIC "-//W3C//DTD XHTML 1.0 Transitional//EN"
    "http://www.w3.org/TR/xhtml1/DTD/xhtml1-transitional.dtd">
<html xmlns="http://www.w3.org/1999/xhtml" xml:lang="en" lang="en">
 <head>
  <title>
</title>
<meta http-equiv="Content-Type" content="text/html;charset=utf-8" />
  <meta name='ocr-system' content='tesseract 3.04.00' />
  <meta name='ocr-capabilities' content='ocr_page ocr_carea ocr_par ocr_line ocrx_word'/>
</head>
<body>
  <div class='ocr_page' id='page_1' title='image "./sanctiirenaeiep01harvgoog_0272.png"; bbox 0 0 2954 4986; ppageno 0'>
   <div class='ocr_carea' id='block_1_1' title="bbox 415 317 1236 388">
    <p class='ocr_par' dir='ltr' id='par_1_1' title="bbox 415 317 1236 388">
     <span class='ocr_line' id='line_1_1' title="bbox 415 317 1236 388; baseline 0.004 -3"><span class='ocrx_word' id='word_1_1' title='bbox 415 333 654 386; x_wconf 77' lang='lat' dir='ltr'><strong>rsornnmoa</strong></span> <span class='ocrx_word' id='word_1_2' title='bbox 678 334 908 388; x_wconf 76' lang='lat' dir='ltr'><strong>msrrnnmo.</strong></span> <span class='ocrx_word' id='word_1_3' title='bbox 1188 317 1236 388; x_wconf 88' lang='grc'><strong>63</strong></span> 
     </span>
    </p>
   </div>
   <div class='ocr_carea' id='block_1_2' title="bbox 30 490 1399 1487">
    <p class='ocr_par' dir='ltr' id='par_1_2' title="bbox 30 490 1391 928">
     <span class='ocr_line' id='line_1_2' title="bbox 30 490 1391 612; baseline 0.003 -50.165"><span class='ocrx_word' id='word_1_4' title='bbox 30 496 183 592; x_wconf 59' lang='grc' dir='ltr'><strong>3,ἱερεῖς</strong></span> <span class='ocrx_word' id='word_1_5' title='bbox 204 523 260 563; x_wconf 91' lang='grc' dir='ltr'><strong>και</strong></span> <span class='ocrx_word' id='word_1_6' title='bbox 251 493 445 578; x_wconf 77' lang='grc' dir='ltr'>βασιλεῖς.</span> <span class='ocrx_word' id='word_1_7' title='bbox 475 491 546 562; x_wconf 79' lang='lat' dir='ltr'><strong>Kal</strong></span> <span class='ocrx_word' id='word_1_8' title='bbox 576 490 745 562; x_wconf 71' lang='grc' dir='ltr'><strong>πολλὰῐ</strong></span> <span class='ocrx_word' id='word_1_9' title='bbox 730 491 794 563; x_wconf 78' lang='grc' dir='ltr'><strong>υπὸ</strong></span> <span class='ocrx_word' id='word_1_10' title='bbox 814 498 877 565; x_wconf 79' lang='grc' dir='ltr'><strong>τοῦ</strong></span> <span class='ocrx_word' id='word_1_11' title='bbox 895 494 1092 591; x_wconf 73' lang='grc' dir='ltr'>σπέρματος</span> <span class='ocrx_word' id='word_1_12' title='bbox 1112 493 1236 564; x_wconf 76' lang='grc' dir='ltr'>τούτου</span> <span class='ocrx_word' id='word_1_13' title='bbox 1253 525 1306 612; x_wconf 57' lang='lat' dir='ltr'><strong>pp.</strong></span> <span class='ocrx_word' id='word_1_14' title='bbox 1310 527 1355 612; x_wconf 58' lang='grc' dir='ltr'><em>Η</em></span> <span class='ocrx_word' id='word_1_15' title='bbox 1361 528 1391 612; x_wconf 62' lang='lat'><strong>¹¹}</strong></span> 
     </span>
     <span class='ocr_line' id='line_1_3' title="bbox 83 602 1397 703; baseline -0.001 -29"><span class='ocrx_word' id='word_1_16' title='bbox 83 608 232 703; x_wconf 75' lang='grc' dir='ltr'>εἰρῆσθαι</span> <span class='ocrx_word' id='word_1_17' title='bbox 272 602 326 673; x_wconf 74' lang='grc' dir='ltr'><strong>διὰ</strong></span> <span class='ocrx_word' id='word_1_18' title='bbox 364 609 431 675; x_wconf 76' lang='grc' dir='ltr'><strong>τῶν</strong></span> <span class='ocrx_word' id='word_1_19' title='bbox 459 609 644 703; x_wconf 78' lang='grc' dir='ltr'>προφητῶν</span> <span class='ocrx_word' id='word_1_20' title='bbox 677 602 939 698; x_wconf 70' lang='grc' dir='ltr'>ἐξηγοῦνται,”</span> <span class='ocrx_word' id='word_1_21' title='bbox 916 637 978 675; x_wconf 84' lang='grc' dir='ltr'><strong>ατε</strong></span> <span class='ocrx_word' id='word_1_22' title='bbox 1016 605 1112 700; x_wconf 76' lang='grc' dir='ltr'>ὑφηλ</span> <span class='ocrx_word' id='word_1_23' title='bbox 1115 607 1331 706; x_wconf 70' lang='lat' dir='ltr'><strong>ors&#39;pucMSS</strong></span> <span class='ocrx_word' id='word_1_24' title='bbox 1335 620 1351 658; x_wconf 85' lang='lat'>1</span> <span class='ocrx_word' id='word_1_25' title='bbox 1361 621 1397 659; x_wconf 77' lang='lat' dir='ltr'><strong>vu.</strong></span> 
     </span>
     <span class='ocr_line' id='line_1_4' title="bbox 84 714 1399 816; baseline -0.001 -29"><span class='ocrx_word' id='word_1_26' title='bbox 84 719 253 816; x_wconf 65' lang='grc' dir='ltr'><strong>φυσειοςα</strong></span> <span class='ocrx_word' id='word_1_27' title='bbox 260 718 491 813; x_wconf 74' lang='grc' dir='ltr'>ὑπαρχούσας·</span> <span class='ocrx_word' id='word_1_28' title='bbox 529 714 647 786; x_wconf 79' lang='grc' dir='ltr'>πολλὰ</span> <span class='ocrx_word' id='word_1_29' title='bbox 677 715 712 786; x_wconf 67' lang='grc' dir='ltr'><strong>δὲ</strong></span> <span class='ocrx_word' id='word_1_30' title='bbox 737 717 790 786; x_wconf 77' lang='lat' dir='ltr'><strong>rai</strong></span> <span class='ocrx_word' id='word_1_31' title='bbox 817 749 876 799; x_wconf 92' lang='grc' dir='ltr'><strong>την</strong></span> <span class='ocrx_word' id='word_1_32' title='bbox 905 717 1031 814; x_wconf 78' lang='grc' dir='ltr'>μητέρα</span> <span class='ocrx_word' id='word_1_33' title='bbox 1062 718 1138 815; x_wconf 77' lang='grc' dir='ltr'>περὶ</span> <span class='ocrx_word' id='word_1_34' title='bbox 1168 722 1399 807; x_wconf 68' lang='grc' dir='ltr'><strong>τιῖιν,“·-·ν</strong></span> <span class='ocrx_word' id='word_1_35' title='bbox 1295 769 1347 806; x_wconf 61' lang='lat' dir='ltr'><strong>,m</strong></span> 
     </span>
     <span class='ocr_line' id='line_1_5' title="bbox 83 826 1233 928; baseline -0.002 -28"><span class='ocrx_word' id='word_1_36' title='bbox 83 831 236 928; x_wconf 81' lang='grc' dir='ltr'>ἆνωτέρω</span> <span class='ocrx_word' id='word_1_37' title='bbox 260 830 415 927; x_wconf 72' lang='grc' dir='ltr'>εἰρηκέναι</span> <span class='ocrx_word' id='word_1_38' title='bbox 442 831 609 919; x_wconf 77' lang='grc' dir='ltr'>λέγουσιν,</span> <span class='ocrx_word' id='word_1_39' title='bbox 636 827 726 899; x_wconf 80' lang='grc' dir='ltr'>ἀλλὰ</span> <span class='ocrx_word' id='word_1_40' title='bbox 756 829 809 898; x_wconf 77' lang='grc' dir='ltr'><strong>καὶ</strong></span> <span class='ocrx_word' id='word_1_41' title='bbox 836 826 910 898; x_wconf 71' lang='grc' dir='ltr'><strong>3διὰ</strong></span> <span class='ocrx_word' id='word_1_42' title='bbox 939 830 1061 900; x_wconf 78' lang='grc' dir='ltr'>τούτου</span> <span class='ocrx_word' id='word_1_43' title='bbox 1085 830 1139 898; x_wconf 73' lang='grc' dir='ltr'><strong>καὶ</strong></span> <span class='ocrx_word' id='word_1_44' title='bbox 1168 834 1233 900; x_wconf 80' lang='grc' dir='ltr'><strong>τῶν</strong></span> 
     </span>
    </p>

    <p class='ocr_par' dir='ltr' id='par_1_3' title="bbox 83 938 1379 1264">
     <span class='ocr_line' id='line_1_6' title="bbox 83 938 1234 1036; baseline -0.002 -24"><span class='ocrx_word' id='word_1_45' title='bbox 83 942 146 1013; x_wconf 74' lang='grc' dir='ltr'><strong>ὑπὸ</strong></span> <span class='ocrx_word' id='word_1_46' title='bbox 173 944 300 1014; x_wconf 76' lang='grc' dir='ltr'>τούτου</span> <span class='ocrx_word' id='word_1_47' title='bbox 330 942 510 1032; x_wconf 74' lang='grc' dir='ltr'>γενομένων</span> <span class='ocrx_word' id='word_1_48' title='bbox 543 943 674 1036; x_wconf 74' lang='grc' dir='ltr'>φυχῶν.</span> <span class='ocrx_word' id='word_1_49' title='bbox 712 941 783 1010; x_wconf 82' lang='lat' dir='ltr'><strong>Kal</strong></span> <span class='ocrx_word' id='word_1_50' title='bbox 812 939 935 1012; x_wconf 78' lang='grc' dir='ltr'>λοιπὸν</span> <span class='ocrx_word' id='word_1_51' title='bbox 970 942 1145 1023; x_wconf 74' lang='grc' dir='ltr'><strong>4τέμνουσι</strong></span> <span class='ocrx_word' id='word_1_52' title='bbox 1173 938 1234 1017; x_wconf 78' lang='grc' dir='ltr'><strong>τὰς</strong></span> 
     </span>
     <span class='ocr_line' id='line_1_7' title="bbox 84 1051 1379 1152; baseline -0.001 -29"><span class='ocrx_word' id='word_1_53' title='bbox 84 1055 304 1152; x_wconf 77' lang='grc' dir='ltr'>προφητείας,</span> <span class='ocrx_word' id='word_1_54' title='bbox 330 1053 373 1124; x_wconf 78' lang='grc' dir='ltr'><strong>τὸ</strong></span> <span class='ocrx_word' id='word_1_55' title='bbox 402 1055 461 1135; x_wconf 78' lang='grc' dir='ltr'><strong>μέν</strong></span> <span class='ocrx_word' id='word_1_56' title='bbox 489 1084 524 1124; x_wconf 95' lang='grc' dir='ltr'><strong>τι</strong></span> <span class='ocrx_word' id='word_1_57' title='bbox 552 1052 622 1122; x_wconf 80' lang='grc' dir='ltr'><strong>ἀπὸ</strong></span> <span class='ocrx_word' id='word_1_58' title='bbox 651 1061 708 1135; x_wconf 76' lang='grc' dir='ltr'><strong>τῆς</strong></span> <span class='ocrx_word' id='word_1_59' title='bbox 733 1051 858 1151; x_wconf 77' lang='grc' dir='ltr'>μητρὸς</span> <span class='ocrx_word' id='word_1_60' title='bbox 890 1055 1038 1150; x_wconf 77' lang='grc' dir='ltr'>εἰρῆσθαι</span> <span class='ocrx_word' id='word_1_61' title='bbox 1071 1055 1232 1137; x_wconf 79' lang='grc' dir='ltr'>θέλοντες,</span> <span class='ocrx_word' id='word_1_62' title='bbox 1246 1074 1379 1113; x_wconf 69' lang='lat' dir='ltr'><strong>erexxuv.</strong></span> 
     </span>
     <span class='ocr_line' id='line_1_8' title="bbox 83 1162 1232 1264; baseline -0.002 -27"><span class='ocrx_word' id='word_1_63' title='bbox 83 1166 125 1237; x_wconf 80' lang='grc' dir='ltr'><strong>τὸ</strong></span> <span class='ocrx_word' id='word_1_64' title='bbox 146 1165 183 1236; x_wconf 78' lang='lat' dir='ltr'><strong>de&#39;</strong></span> <span class='ocrx_word' id='word_1_65' title='bbox 201 1199 236 1238; x_wconf 88' lang='grc' dir='ltr'><strong>τι</strong></span> <span class='ocrx_word' id='word_1_66' title='bbox 255 1164 407 1236; x_wconf 78' lang='grc' dir='ltr'>ἀπὸτοῦ</span> <span class='ocrx_word' id='word_1_67' title='bbox 426 1165 631 1263; x_wconf 78' lang='grc' dir='ltr'>σπέρματος,</span> <span class='ocrx_word' id='word_1_68' title='bbox 650 1164 694 1235; x_wconf 78' lang='grc' dir='ltr'><strong>τὸ</strong></span> <span class='ocrx_word' id='word_1_69' title='bbox 709 1162 753 1235; x_wconf 77' lang='grc' dir='ltr'><strong>,δέ</strong></span> <span class='ocrx_word' id='word_1_70' title='bbox 776 1197 809 1235; x_wconf 93' lang='grc' dir='ltr'><strong>τι</strong></span> <span class='ocrx_word' id='word_1_71' title='bbox 837 1164 987 1235; x_wconf 77' lang='grc' dir='ltr'>ἀπὸτοῦ</span> <span class='ocrx_word' id='word_1_72' title='bbox 1008 1167 1232 1264; x_wconf 78' lang='grc' dir='ltr'>Δημιουργοῦ.</span> 
     </span>
    </p>

    <p class='ocr_par' dir='ltr' id='par_1_4' title="bbox 82 1276 1234 1487">
     <span class='ocr_line' id='line_1_9' title="bbox 82 1276 1233 1377; baseline 0.001 -29"><span class='ocrx_word' id='word_1_73' title='bbox 82 1276 199 1348; x_wconf 80' lang='grc' dir='ltr'>Ἀλλὰ</span> <span class='ocrx_word' id='word_1_74' title='bbox 219 1276 352 1348; x_wconf 75' lang='grc' dir='ltr'>καὶτὸν</span> <span class='ocrx_word' id='word_1_75' title='bbox 373 1277 499 1359; x_wconf 77' lang='grc' dir='ltr'>Ἰησοῦν</span> <span class='ocrx_word' id='word_1_76' title='bbox 520 1279 683 1360; x_wconf 77' lang='grc' dir='ltr'>ὡσαύτως,</span> <span class='ocrx_word' id='word_1_77' title='bbox 704 1276 748 1347; x_wconf 76' lang='grc' dir='ltr'><strong>τὸ</strong></span> <span class='ocrx_word' id='word_1_78' title='bbox 773 1278 833 1360; x_wconf 71' lang='grc' dir='ltr'><strong>μέν</strong></span> <span class='ocrx_word' id='word_1_79' title='bbox 851 1309 885 1348; x_wconf 95' lang='grc' dir='ltr'><strong>τι</strong></span> <span class='ocrx_word' id='word_1_80' title='bbox 907 1276 976 1348; x_wconf 79' lang='grc' dir='ltr'><strong>ἀπὸ</strong></span> <span class='ocrx_word' id='word_1_81' title='bbox 995 1284 1058 1349; x_wconf 79' lang='grc' dir='ltr'><strong>τοῦ</strong></span> <span class='ocrx_word' id='word_1_82' title='bbox 1076 1279 1233 1377; x_wconf 74' lang='grc' dir='ltr'>Σωτῆρος</span> 
     </span>
     <span class='ocr_line' id='line_1_10' title="bbox 84 1387 1234 1487; baseline 0.001 -27"><span class='ocrx_word' id='word_1_83' title='bbox 84 1391 250 1487; x_wconf 73' lang='grc' dir='ltr'>εἰρηκέναι,</span> <span class='ocrx_word' id='word_1_84' title='bbox 277 1389 321 1461; x_wconf 77' lang='grc' dir='ltr'><em>τό</em></span> <span class='ocrx_word' id='word_1_85' title='bbox 351 1387 388 1459; x_wconf 75' lang='lat' dir='ltr'><strong>‹le&#39;</strong></span> <span class='ocrx_word' id='word_1_86' title='bbox 418 1420 452 1461; x_wconf 90' lang='grc' dir='ltr'><strong>τι</strong></span> <span class='ocrx_word' id='word_1_87' title='bbox 489 1387 560 1459; x_wconf 67' lang='lat' dir='ltr'><strong>‹hri›</strong></span> <span class='ocrx_word' id='word_1_88' title='bbox 592 1397 650 1470; x_wconf 78' lang='grc' dir='ltr'><strong>τῆς</strong></span> <span class='ocrx_word' id='word_1_89' title='bbox 678 1387 811 1486; x_wconf 73' lang='grc' dir='ltr'>μητρὸς,</span> <span class='ocrx_word' id='word_1_90' title='bbox 843 1388 887 1460; x_wconf 74' lang='grc' dir='ltr'><strong>τὸ</strong></span> <span class='ocrx_word' id='word_1_91' title='bbox 926 1388 961 1460; x_wconf 75' lang='grc' dir='ltr'><strong>δέ</strong></span> <span class='ocrx_word' id='word_1_92' title='bbox 995 1422 1029 1460; x_wconf 92' lang='grc' dir='ltr'><strong>τι</strong></span> <span class='ocrx_word' id='word_1_93' title='bbox 1065 1389 1134 1460; x_wconf 79' lang='grc' dir='ltr'><strong>ἇπό</strong></span> <span class='ocrx_word' id='word_1_94' title='bbox 1170 1396 1234 1461; x_wconf 83' lang='grc' dir='ltr'><strong>τοῦ</strong></span> 
     </span>
    </p>
   </div>
   <div class='ocr_carea' id='block_1_3' title="bbox 84 1497 1232 1638">
    <p class='ocr_par' dir='ltr' id='par_1_5' title="bbox 84 1497 1232 1638">
     <span class='ocr_line' id='line_1_11' title="bbox 84 1497 1232 1599; baseline 0.001 -28"><span class='ocrx_word' id='word_1_95' title='bbox 84 1505 308 1599; x_wconf 78' lang='grc' dir='ltr'>Δημιουργοῦ,</span> <span class='ocrx_word' id='word_1_96' title='bbox 334 1501 439 1577; x_wconf 76' lang='grc' dir='ltr'>καθὼς</span> <span class='ocrx_word' id='word_1_97' title='bbox 465 1497 669 1592; x_wconf 77' lang='grc' dir='ltr'>ἐπιδείξομεν</span> <span class='ocrx_word' id='word_1_98' title='bbox 695 1502 874 1598; x_wconf 83' lang='grc' dir='ltr'>προϊόντος</span> <span class='ocrx_word' id='word_1_99' title='bbox 911 1505 985 1583; x_wconf 75' lang='grc' dir='ltr'>ἡμῖν</span> <span class='ocrx_word' id='word_1_100' title='bbox 1020 1508 1084 1572; x_wconf 80' lang='grc' dir='ltr'><strong>τοῦ</strong></span> <span class='ocrx_word' id='word_1_101' title='bbox 1114 1504 1232 1593; x_wconf 81' lang='grc' dir='ltr'>λόγον.</span> 
     </span>
     <span class='ocr_line' id='line_1_12' title="bbox 125 1612 1154 1638; baseline -0.001 0"><span class='ocrx_word' id='word_1_102' title='bbox 125 1614 134 1638; x_wconf 69' lang='lat' dir='ltr'><strong>h</strong></span> <span class='ocrx_word' id='word_1_103' title='bbox 418 1612 426 1635; x_wconf 60' lang='lat' dir='ltr'><strong>h</strong></span> <span class='ocrx_word' id='word_1_104' title='bbox 570 1613 578 1636; x_wconf 62' lang='grc' dir='ltr'>ἱ</span> <span class='ocrx_word' id='word_1_105' title='bbox 673 1618 688 1633; x_wconf 73' lang='grc' dir='ltr'>Α</span> <span class='ocrx_word' id='word_1_106' title='bbox 1142 1624 1154 1637; x_wconf 64' lang='grc' dir='ltr'>ι</span> 
     </span>
    </p>
   </div>
   <div class='ocr_carea' id='block_1_4' title="bbox 82 1723 1234 1936">
    <p class='ocr_par' dir='ltr' id='par_1_6' title="bbox 82 1723 1234 1936">
     <span class='ocr_line' id='line_1_13' title="bbox 82 1723 1234 1824; baseline 0.001 -28"><span class='ocrx_word' id='word_1_107' title='bbox 82 1725 141 1809; x_wconf 74' lang='grc' dir='ltr'><strong>μὲν</strong></span> <span class='ocrx_word' id='word_1_108' title='bbox 160 1727 215 1796; x_wconf 71' lang='grc' dir='ltr'><strong>ἐπὶ</strong></span> <span class='ocrx_word' id='word_1_109' title='bbox 234 1736 306 1802; x_wconf 85' lang='grc' dir='ltr'>τοῖς</span> <span class='ocrx_word' id='word_1_110' title='bbox 326 1726 528 1816; x_wconf 76' lang='grc' dir='ltr'>λεγομένοις,</span> <span class='ocrx_word' id='word_1_111' title='bbox 554 1726 882 1824; x_wconf 79' lang='grc' dir='ltr'>καταπεφρονηκέναι</span> <span class='ocrx_word' id='word_1_112' title='bbox 910 1723 944 1794; x_wconf 75' lang='grc' dir='ltr'><strong>δὲ</strong></span> <span class='ocrx_word' id='word_1_113' title='bbox 969 1727 1083 1808; x_wconf 72' lang='grc' dir='ltr'>αὐτῶν,</span> <span class='ocrx_word' id='word_1_114' title='bbox 1102 1723 1234 1797; x_wconf 77' lang='grc' dir='ltr'>ἄλλοτε</span> 
     </span>
     <span class='ocr_line' id='line_1_14' title="bbox 83 1833 1234 1936; baseline -0.003 -26"><span class='ocrx_word' id='word_1_115' title='bbox 83 1838 191 1921; x_wconf 75' lang='grc' dir='ltr'>ἄλλην</span> <span class='ocrx_word' id='word_1_116' title='bbox 208 1838 319 1910; x_wconf 76' lang='grc' dir='ltr'>αἰτίαν</span> <span class='ocrx_word' id='word_1_117' title='bbox 338 1839 531 1920; x_wconf 81' lang='grc' dir='ltr'>νομίσαντα,</span> <span class='ocrx_word' id='word_1_118' title='bbox 555 1833 574 1920; x_wconf 74' lang='grc' dir='ltr'><em>ἢ</em></span> <span class='ocrx_word' id='word_1_119' title='bbox 597 1836 663 1909; x_wconf 74' lang='grc' dir='ltr'><strong>5τὸ</strong></span> <span class='ocrx_word' id='word_1_120' title='bbox 687 1843 810 1920; x_wconf 78' lang='grc' dir='ltr'>πνεῦμα</span> <span class='ocrx_word' id='word_1_121' title='bbox 837 1837 880 1909; x_wconf 82' lang='grc' dir='ltr'><strong>τὸ</strong></span> <span class='ocrx_word' id='word_1_122' title='bbox 903 1843 1127 1936; x_wconf 79' lang='grc' dir='ltr'>προφητεῦον,</span> <span class='ocrx_word' id='word_1_123' title='bbox 1155 1839 1234 1934; x_wconf 80' lang='grc' dir='ltr'>ἔχον</span> 
     </span>
    </p>
   </div>
   <div class='ocr_carea' id='block_1_5' title="bbox 81 2067 1237 3248">
    <p class='ocr_par' dir='ltr' id='par_1_7' title="bbox 81 2067 1237 3248">
     <span class='ocr_line' id='line_1_15' title="bbox 82 2067 1234 2156; baseline 0.001 -22"><span class='ocrx_word' id='word_1_124' title='bbox 82 2069 204 2134; x_wconf 88' lang='lat' dir='ltr'><strong>huebat</strong></span> <span class='ocrx_word' id='word_1_125' title='bbox 227 2090 290 2145; x_wconf 88' lang='lat' dir='ltr'><strong>eas,</strong></span> <span class='ocrx_word' id='word_1_126' title='bbox 315 2076 349 2133; x_wconf 86' lang='lat' dir='ltr'><strong>et</strong></span> <span class='ocrx_word' id='word_1_127' title='bbox 374 2069 564 2143; x_wconf 74' lang='lat' dir='ltr'><strong>sacerdotes,</strong></span> <span class='ocrx_word' id='word_1_128' title='bbox 591 2074 626 2132; x_wconf 87' lang='lat' dir='ltr'><strong>et</strong></span> <span class='ocrx_word' id='word_1_129' title='bbox 655 2091 758 2154; x_wconf 85' lang='lat' dir='ltr'><strong>reges.</strong></span> <span class='ocrx_word' id='word_1_130' title='bbox 810 2069 855 2134; x_wconf 89' lang='lat' dir='ltr'><strong>Et</strong></span> <span class='ocrx_word' id='word_1_131' title='bbox 882 2070 984 2135; x_wconf 89' lang='lat' dir='ltr'><strong>multa</strong></span> <span class='ocrx_word' id='word_1_132' title='bbox 1007 2071 1047 2135; x_wconf 93' lang='lat' dir='ltr'><strong>de</strong></span> <span class='ocrx_word' id='word_1_133' title='bbox 1075 2067 1146 2156; x_wconf 92' lang='lat' dir='ltr'><strong>[ab]</strong></span> <span class='ocrx_word' id='word_1_134' title='bbox 1174 2071 1234 2136; x_wconf 94' lang='lat' dir='ltr'><strong>hoc</strong></span> 
     </span>
     <span class='ocr_line' id='line_1_16' title="bbox 81 2168 1234 2255; baseline 0.002 -23"><span class='ocrx_word' id='word_1_135' title='bbox 81 2168 202 2232; x_wconf 88' lang='lat' dir='ltr'><strong>semine</strong></span> <span class='ocrx_word' id='word_1_136' title='bbox 233 2168 322 2233; x_wconf 90' lang='lat' dir='ltr'><strong>dicta</strong></span> <span class='ocrx_word' id='word_1_137' title='bbox 355 2189 413 2253; x_wconf 88' lang='lat' dir='ltr'><strong>per</strong></span> <span class='ocrx_word' id='word_1_138' title='bbox 440 2168 613 2253; x_wconf 91' lang='lat' dir='ltr'><strong>prophetas</strong></span> <span class='ocrx_word' id='word_1_139' title='bbox 643 2177 825 2252; x_wconf 86' lang='lat' dir='ltr'><strong>exponunt:</strong></span> <span class='ocrx_word' id='word_1_140' title='bbox 862 2170 979 2255; x_wconf 90' lang='lat' dir='ltr'><strong>quippe</strong></span> <span class='ocrx_word' id='word_1_141' title='bbox 1007 2191 1078 2234; x_wconf 90' lang='lat' dir='ltr'><strong>cum</strong></span> <span class='ocrx_word' id='word_1_142' title='bbox 1113 2171 1234 2235; x_wconf 89' lang='lat' dir='ltr'><strong>altioris</strong></span> 
     </span>
     <span class='ocr_line' id='line_1_17' title="bbox 81 2267 1234 2354; baseline 0.003 -24"><span class='ocrx_word' id='word_1_143' title='bbox 81 2277 209 2332; x_wconf 84' lang='lat' dir='ltr'><strong>naturae</strong></span> <span class='ocrx_word' id='word_1_144' title='bbox 225 2275 319 2335; x_wconf 89' lang='lat' dir='ltr'><strong>esset.</strong></span> <span class='ocrx_word' id='word_1_145' title='bbox 374 2267 481 2332; x_wconf 86' lang='lat' dir='ltr'><strong>Multa</strong></span> <span class='ocrx_word' id='word_1_146' title='bbox 496 2275 604 2331; x_wconf 88' lang='lat' dir='ltr'><strong>autem</strong></span> <span class='ocrx_word' id='word_1_147' title='bbox 620 2276 654 2332; x_wconf 91' lang='lat' dir='ltr'><strong>et</strong></span> <span class='ocrx_word' id='word_1_148' title='bbox 670 2275 806 2331; x_wconf 93' lang='lat' dir='ltr'><strong>matrem</strong></span> <span class='ocrx_word' id='word_1_149' title='bbox 826 2270 866 2333; x_wconf 90' lang='lat' dir='ltr'><strong>de</strong></span> <span class='ocrx_word' id='word_1_150' title='bbox 888 2269 1102 2354; x_wconf 90' lang='lat' dir='ltr'><strong>superioribus</strong></span> <span class='ocrx_word' id='word_1_151' title='bbox 1118 2269 1234 2334; x_wconf 79' lang='lat' dir='ltr'>dixisse</span> 
     </span>
     <span class='ocr_line' id='line_1_18' title="bbox 82 2367 1234 2452; baseline 0.003 -22"><span class='ocrx_word' id='word_1_152' title='bbox 82 2367 216 2441; x_wconf 73' lang='lat' dir='ltr'><strong>dicunt3</strong></span> <span class='ocrx_word' id='word_1_153' title='bbox 243 2367 300 2431; x_wconf 90' lang='lat' dir='ltr'><strong>sed</strong></span> <span class='ocrx_word' id='word_1_154' title='bbox 325 2375 360 2431; x_wconf 89' lang='lat' dir='ltr'><strong>et</strong></span> <span class='ocrx_word' id='word_1_155' title='bbox 384 2388 443 2451; x_wconf 91' lang='lat' dir='ltr'><strong>per</strong></span> <span class='ocrx_word' id='word_1_156' title='bbox 465 2367 558 2438; x_wconf 89' lang='lat' dir='ltr'><strong>huno,</strong></span> <span class='ocrx_word' id='word_1_157' title='bbox 578 2379 612 2431; x_wconf 88' lang='lat' dir='ltr'><strong>et</strong></span> <span class='ocrx_word' id='word_1_158' title='bbox 637 2388 694 2452; x_wconf 90' lang='lat' dir='ltr'><strong>per</strong></span> <span class='ocrx_word' id='word_1_159' title='bbox 719 2389 782 2441; x_wconf 87' lang='lat' dir='ltr'><strong>eas,</strong></span> <span class='ocrx_word' id='word_1_160' title='bbox 800 2390 870 2452; x_wconf 87' lang='lat' dir='ltr'><strong>quae</strong></span> <span class='ocrx_word' id='word_1_161' title='bbox 890 2370 931 2433; x_wconf 88' lang='lat' dir='ltr'><strong>ab</strong></span> <span class='ocrx_word' id='word_1_162' title='bbox 954 2369 1014 2432; x_wconf 92' lang='lat' dir='ltr'><strong>hoc</strong></span> <span class='ocrx_word' id='word_1_163' title='bbox 1039 2368 1134 2433; x_wconf 84' lang='lat' dir='ltr'><strong>factae</strong></span> <span class='ocrx_word' id='word_1_164' title='bbox 1159 2376 1234 2434; x_wconf 91' lang='lat' dir='ltr'><strong>sunt</strong></span> 
     </span>
     <span class='ocr_line' id='line_1_19' title="bbox 83 2466 1235 2554; baseline 0.003 -24"><span class='ocrx_word' id='word_1_165' title='bbox 83 2467 207 2531; x_wconf 80' lang='lat' dir='ltr'><strong>animae.</strong></span> <span class='ocrx_word' id='word_1_166' title='bbox 256 2468 303 2531; x_wconf 76' lang='lat' dir='ltr'><strong>Ac</strong></span> <span class='ocrx_word' id='word_1_167' title='bbox 329 2466 477 2552; x_wconf 79' lang='lat' dir='ltr'><strong>deinceps</strong></span> <span class='ocrx_word' id='word_1_168' title='bbox 506 2466 651 2531; x_wconf 88' lang='lat' dir='ltr'><strong>dividunt</strong></span> <span class='ocrx_word' id='word_1_169' title='bbox 680 2467 874 2552; x_wconf 79' lang='lat' dir='ltr'><strong>prophetiae,</strong></span> <span class='ocrx_word' id='word_1_170' title='bbox 901 2466 1019 2553; x_wconf 86' lang='lat' dir='ltr'><strong>aliquid</strong></span> <span class='ocrx_word' id='word_1_171' title='bbox 1054 2468 1181 2554; x_wconf 91' lang='lat' dir='ltr'><strong>quidem</strong></span> <span class='ocrx_word' id='word_1_172' title='bbox 1215 2489 1235 2533; x_wconf 90' lang='lat' dir='ltr'><strong>a</strong></span> 
     </span>
     <span class='ocr_line' id='line_1_20' title="bbox 82 2565 1234 2653; baseline 0.003 -24"><span class='ocrx_word' id='word_1_173' title='bbox 82 2573 188 2630; x_wconf 85' lang='lat' dir='ltr'><strong>matre</strong></span> <span class='ocrx_word' id='word_1_174' title='bbox 205 2565 326 2630; x_wconf 89' lang='lat' dir='ltr'><strong>dictum</strong></span> <span class='ocrx_word' id='word_1_175' title='bbox 344 2567 502 2639; x_wconf 88' lang='lat' dir='ltr'><strong>docentes,</strong></span> <span class='ocrx_word' id='word_1_176' title='bbox 521 2565 639 2650; x_wconf 91' lang='lat' dir='ltr'><strong>aliquid</strong></span> <span class='ocrx_word' id='word_1_177' title='bbox 657 2587 677 2629; x_wconf 90' lang='lat' dir='ltr'><strong>a</strong></span> <span class='ocrx_word' id='word_1_178' title='bbox 692 2567 820 2641; x_wconf 91' lang='lat' dir='ltr'><strong>semine,</strong></span> <span class='ocrx_word' id='word_1_179' title='bbox 839 2566 957 2652; x_wconf 90' lang='lat' dir='ltr'><strong>aliquid</strong></span> <span class='ocrx_word' id='word_1_180' title='bbox 981 2576 1089 2632; x_wconf 89' lang='lat' dir='ltr'><strong>autem</strong></span> <span class='ocrx_word' id='word_1_181' title='bbox 1107 2569 1148 2632; x_wconf 92' lang='lat' dir='ltr'><strong>ab</strong></span> <span class='ocrx_word' id='word_1_182' title='bbox 1166 2568 1234 2653; x_wconf 92' lang='lat' dir='ltr'><strong>ipso</strong></span> 
     </span>
     <span class='ocr_line' id='line_1_21' title="bbox 83 2663 1234 2754; baseline 0.003 -26"><span class='ocrx_word' id='word_1_183' title='bbox 83 2663 281 2751; x_wconf 82' lang='lat' dir='ltr'><strong>Demiurgo:</strong></span> <span class='ocrx_word' id='word_1_184' title='bbox 311 2673 346 2730; x_wconf 90' lang='lat' dir='ltr'><strong>et</strong></span> <span class='ocrx_word' id='word_1_185' title='bbox 367 2665 480 2729; x_wconf 85' lang='lat' dir='ltr'><strong>Jesum</strong></span> <span class='ocrx_word' id='word_1_186' title='bbox 498 2665 688 2730; x_wconf 73' lang='lat' dir='ltr'><strong>tantundem</strong></span> <span class='ocrx_word' id='word_1_187' title='bbox 716 2665 836 2751; x_wconf 88' lang='lat' dir='ltr'><strong>aliquid</strong></span> <span class='ocrx_word' id='word_1_188' title='bbox 861 2668 988 2752; x_wconf 88' lang='lat' dir='ltr'><strong>quidem</strong></span> <span class='ocrx_word' id='word_1_189' title='bbox 1012 2666 1062 2754; x_wconf 94' lang='lat' dir='ltr'><strong>[a]</strong></span> <span class='ocrx_word' id='word_1_190' title='bbox 1091 2669 1234 2733; x_wconf 88' lang='lat' dir='ltr'><strong>Salvato-</strong></span> 
     </span>
     <span class='ocr_line' id='line_1_22' title="bbox 82 2761 1235 2853; baseline 0.002 -24"><span class='ocrx_word' id='word_1_191' title='bbox 82 2761 185 2853; x_wconf 88' lang='lat' dir='ltr'><strong>re[m]</strong></span> <span class='ocrx_word' id='word_1_192' title='bbox 205 2765 329 2840; x_wconf 81' lang='lat' dir='ltr'><strong>dixisse,</strong></span> <span class='ocrx_word' id='word_1_193' title='bbox 348 2765 466 2850; x_wconf 88' lang='lat' dir='ltr'><strong>aliquid</strong></span> <span class='ocrx_word' id='word_1_194' title='bbox 483 2785 504 2828; x_wconf 87' lang='lat' dir='ltr'><strong>a</strong></span> <span class='ocrx_word' id='word_1_195' title='bbox 520 2770 633 2839; x_wconf 89' lang='lat' dir='ltr'><strong>matre,</strong></span> <span class='ocrx_word' id='word_1_196' title='bbox 654 2763 772 2849; x_wconf 88' lang='lat' dir='ltr'><strong>aliquid</strong></span> <span class='ocrx_word' id='word_1_197' title='bbox 791 2789 811 2829; x_wconf 89' lang='lat' dir='ltr'><strong>a</strong></span> <span class='ocrx_word' id='word_1_198' title='bbox 830 2764 1013 2853; x_wconf 84' lang='lat' dir='ltr'><strong>Demiurgo,</strong></span> <span class='ocrx_word' id='word_1_199' title='bbox 1033 2768 1235 2852; x_wconf 90' lang='lat' dir='ltr'><strong>quemadmo-</strong></span> 
     </span>
     <span class='ocr_line' id='line_1_23' title="bbox 84 2863 1232 2953; baseline 0.003 -26"><span class='ocrx_word' id='word_1_200' title='bbox 84 2865 159 2928; x_wconf 87' lang='lat' dir='ltr'><strong>dum</strong></span> <span class='ocrx_word' id='word_1_201' title='bbox 174 2865 376 2928; x_wconf 72' lang='lat' dir='ltr'><strong>ostendemus</strong></span> <span class='ocrx_word' id='word_1_202' title='bbox 392 2864 585 2949; x_wconf 78' lang='lat' dir='ltr'><strong>procedente</strong></span> <span class='ocrx_word' id='word_1_203' title='bbox 597 2863 689 2927; x_wconf 88' lang='lat' dir='ltr'><strong>nobis</strong></span> <span class='ocrx_word' id='word_1_204' title='bbox 703 2885 854 2930; x_wconf 89' lang='lat' dir='ltr'><strong>sermone.</strong></span> <span class='ocrx_word' id='word_1_205' title='bbox 893 2864 1101 2953; x_wconf 78' lang='lat' dir='ltr'><strong>Demiurgum</strong></span> <span class='ocrx_word' id='word_1_206' title='bbox 1114 2875 1232 2943; x_wconf 86' lang='lat' dir='ltr'><strong>autem,</strong></span> 
     </span>
     <span class='ocr_line' id='line_1_24' title="bbox 82 2963 1235 3050; baseline 0 -24"><span class='ocrx_word' id='word_1_207' title='bbox 82 2963 201 3050; x_wconf 90' lang='lat' dir='ltr'><strong>quippe</strong></span> <span class='ocrx_word' id='word_1_208' title='bbox 223 2963 423 3050; x_wconf 78' lang='lat' dir='ltr'><strong>ignorantem</strong></span> <span class='ocrx_word' id='word_1_209' title='bbox 447 2983 518 3049; x_wconf 82' lang='lat' dir='ltr'><strong>quae</strong></span> <span class='ocrx_word' id='word_1_210' title='bbox 538 2972 643 3026; x_wconf 80' lang='lat' dir='ltr'><strong>essent</strong></span> <span class='ocrx_word' id='word_1_211' title='bbox 659 2985 850 3048; x_wconf 87' lang='lat' dir='ltr'><strong>supereum,</strong></span> <span class='ocrx_word' id='word_1_212' title='bbox 869 2965 986 3028; x_wconf 88' lang='lat' dir='ltr'><strong>moveri</strong></span> <span class='ocrx_word' id='word_1_213' title='bbox 1005 2965 1132 3050; x_wconf 91' lang='lat' dir='ltr'><strong>quidem</strong></span> <span class='ocrx_word' id='word_1_214' title='bbox 1149 2964 1235 3027; x_wconf 91' lang='lat' dir='ltr'><strong>iniis</strong></span> 
     </span>
     <span class='ocr_line' id='line_1_25' title="bbox 82 3062 1234 3148; baseline -0.002 -22"><span class='ocrx_word' id='word_1_215' title='bbox 82 3083 156 3147; x_wconf 80' lang='lat' dir='ltr'><strong>quae</strong></span> <span class='ocrx_word' id='word_1_216' title='bbox 175 3063 333 3137; x_wconf 89' lang='lat' dir='ltr'><strong>dicuntur,</strong></span> <span class='ocrx_word' id='word_1_217' title='bbox 352 3062 576 3148; x_wconf 84' lang='lat' dir='ltr'><strong>contempsisse</strong></span> <span class='ocrx_word' id='word_1_218' title='bbox 593 3083 668 3126; x_wconf 87' lang='lat' dir='ltr'><strong>vero</strong></span> <span class='ocrx_word' id='word_1_219' title='bbox 691 3085 738 3139; x_wconf 87' lang='lat' dir='ltr'><strong>ea,</strong></span> <span class='ocrx_word' id='word_1_220' title='bbox 754 3063 849 3127; x_wconf 87' lang='lat' dir='ltr'><strong>aliam</strong></span> <span class='ocrx_word' id='word_1_221' title='bbox 869 3071 966 3147; x_wconf 89' lang='lat' dir='ltr'><strong>atque</strong></span> <span class='ocrx_word' id='word_1_222' title='bbox 990 3063 1085 3126; x_wconf 89' lang='lat' dir='ltr'><strong>aliam</strong></span> <span class='ocrx_word' id='word_1_223' title='bbox 1108 3083 1234 3126; x_wconf 86' lang='lat' dir='ltr'><strong>causam</strong></span> 
     </span>
     <span class='ocr_line' id='line_1_26' title="bbox 82 3160 1237 3248; baseline -0.002 -21"><span class='ocrx_word' id='word_1_224' title='bbox 82 3170 263 3247; x_wconf 89' lang='lat' dir='ltr'><strong>putantem,</strong></span> <span class='ocrx_word' id='word_1_225' title='bbox 291 3185 386 3248; x_wconf 91' lang='lat' dir='ltr'><strong>quam</strong></span> <span class='ocrx_word' id='word_1_226' title='bbox 415 3160 510 3248; x_wconf 88' lang='lat' dir='ltr'><strong>[sive]</strong></span> <span class='ocrx_word' id='word_1_227' title='bbox 533 3161 661 3246; x_wconf 89' lang='lat' dir='ltr'><strong>spiritus</strong></span> <span class='ocrx_word' id='word_1_228' title='bbox 688 3162 741 3246; x_wconf 91' lang='lat' dir='ltr'><strong>qui</strong></span> <span class='ocrx_word' id='word_1_229' title='bbox 768 3162 950 3246; x_wconf 85' lang='lat' dir='ltr'><strong>prophetat,</strong></span> <span class='ocrx_word' id='word_1_230' title='bbox 968 3161 1088 3225; x_wconf 86' lang='lat' dir='ltr'><strong>habens</strong></span> <span class='ocrx_word' id='word_1_231' title='bbox 1111 3168 1145 3225; x_wconf 86' lang='lat' dir='ltr'><strong>et</strong></span> <span class='ocrx_word' id='word_1_232' title='bbox 1169 3161 1237 3245; x_wconf 90' lang='lat' dir='ltr'><strong>ipse</strong></span> 
     </span>
    </p>
   </div>
   <div class='ocr_carea' id='block_1_6' title="bbox 45 3378 1261 4580">
    <p class='ocr_par' dir='ltr' id='par_1_8' title="bbox 45 3378 1261 4580">
     <span class='ocr_line' id='line_1_27' title="bbox 83 3378 1237 3448; baseline -0.001 -17"><span class='ocrx_word' id='word_1_233' title='bbox 83 3383 185 3448; x_wconf 79' lang='lat' dir='ltr'><strong>passion</strong></span> <span class='ocrx_word' id='word_1_234' title='bbox 197 3383 226 3431; x_wconf 84' lang='lat' dir='ltr'><strong>ol</strong></span> <span class='ocrx_word' id='word_1_235' title='bbox 235 3383 279 3432; x_wconf 89' lang='lat' dir='ltr'><strong>the</strong></span> <span class='ocrx_word' id='word_1_236' title='bbox 287 3382 479 3446; x_wconf 62' lang='lat' dir='ltr'><strong>dirpcnccdoncl</strong></span> <span class='ocrx_word' id='word_1_237' title='bbox 491 3382 575 3430; x_wconf 83' lang='lat' dir='ltr'><strong>Christ</strong></span> <span class='ocrx_word' id='word_1_238' title='bbox 587 3397 637 3428; x_wconf 81' lang='lat' dir='ltr'><strong>was</strong></span> <span class='ocrx_word' id='word_1_239' title='bbox 735 3380 747 3411; x_wconf 85' lang='lat'><strong>⁴</strong></span> <span class='ocrx_word' id='word_1_240' title='bbox 764 3378 797 3428; x_wconf 85' lang='lat' dir='ltr'><strong>So</strong></span> <span class='ocrx_word' id='word_1_241' title='bbox 808 3379 986 3441; x_wconf 65' lang='lat' dir='ltr'><strong>Tauroentum,</strong></span> <span class='ocrx_word' id='word_1_242' title='bbox 1004 3379 1120 3429; x_wconf 67' lang='lat' dir='ltr'><strong>(liuidum</strong></span> <span class='ocrx_word' id='word_1_243' title='bbox 1137 3381 1200 3430; x_wconf 81' lang='lat' dir='ltr'><strong>enim</strong></span> <span class='ocrx_word' id='word_1_244' title='bbox 1217 3389 1237 3430; x_wconf 75' lang='lat' dir='ltr'><strong>d</strong></span> 
     </span>
     <span class='ocr_line' id='line_1_28' title="bbox 83 3460 1238 3528; baseline -0.002 -16"><span class='ocrx_word' id='word_1_245' title='bbox 83 3464 225 3528; x_wconf 76' lang='lat' dir='ltr'><strong>prefignred</strong></span> <span class='ocrx_word' id='word_1_246' title='bbox 236 3464 269 3527; x_wconf 84' lang='lat' dir='ltr'><strong>by</strong></span> <span class='ocrx_word' id='word_1_247' title='bbox 280 3464 323 3512; x_wconf 84' lang='lat' dir='ltr'><strong>the</strong></span> <span class='ocrx_word' id='word_1_248' title='bbox 334 3465 417 3512; x_wconf 82' lang='lat' dir='ltr'><strong>Christ</strong></span> <span class='ocrx_word' id='word_1_249' title='bbox 424 3464 452 3511; x_wconf 81' lang='lat' dir='ltr'><strong>ol&#39;</strong></span> <span class='ocrx_word' id='word_1_250' title='bbox 460 3465 503 3512; x_wconf 87' lang='lat' dir='ltr'><strong>the</strong></span> <span class='ocrx_word' id='word_1_251' title='bbox 512 3463 633 3521; x_wconf 80' lang='lat' dir='ltr'><strong>Plomma,</strong></span> <span class='ocrx_word' id='word_1_252' title='bbox 685 3460 836 3523; x_wconf 70' lang='lat' dir='ltr'><strong>prophetiale</strong></span> <span class='ocrx_word' id='word_1_253' title='bbox 843 3461 1009 3524; x_wconf 73' lang='lat' dir='ltr'><strong>patrocinium</strong></span> <span class='ocrx_word' id='word_1_254' title='bbox 1020 3462 1048 3510; x_wconf 81' lang='lat' dir='ltr'><strong>in</strong></span> <span class='ocrx_word' id='word_1_255' title='bbox 1059 3462 1200 3522; x_wconf 77' lang='lat' dir='ltr'><strong>Achamoth,</strong></span> <span class='ocrx_word' id='word_1_256' title='bbox 1210 3463 1238 3510; x_wconf 77' lang='lat' dir='ltr'><strong>in</strong></span> 
     </span>
     <span class='ocr_line' id='line_1_29' title="bbox 82 3541 1238 3605; baseline -0.002 -12"><span class='ocrx_word' id='word_1_257' title='bbox 82 3547 135 3594; x_wconf 81' lang='lat' dir='ltr'><strong>this</strong></span> <span class='ocrx_word' id='word_1_258' title='bbox 150 3545 234 3593; x_wconf 74' lang='lat' dir='ltr'><strong>would</strong></span> <span class='ocrx_word' id='word_1_259' title='bbox 251 3545 315 3592; x_wconf 81' lang='lat' dir='ltr'><strong>infer</strong></span> <span class='ocrx_word' id='word_1_260' title='bbox 333 3545 376 3593; x_wconf 90' lang='lat' dir='ltr'><strong>the</strong></span> <span class='ocrx_word' id='word_1_261' title='bbox 388 3545 475 3593; x_wconf 89' lang='lat' dir='ltr'><strong>notion</strong></span> <span class='ocrx_word' id='word_1_262' title='bbox 487 3544 539 3591; x_wconf 84' lang='lat' dir='ltr'><strong>also</strong></span> <span class='ocrx_word' id='word_1_263' title='bbox 551 3543 580 3590; x_wconf 86' lang='lat' dir='ltr'><strong>of</strong></span> <span class='ocrx_word' id='word_1_264' title='bbox 593 3543 636 3590; x_wconf 91' lang='lat' dir='ltr'><strong>the</strong></span> <span class='ocrx_word' id='word_1_265' title='bbox 685 3557 762 3590; x_wconf 79' lang='lat' dir='ltr'><strong>remen</strong></span> <span class='ocrx_word' id='word_1_266' title='bbox 779 3550 799 3590; x_wconf 79' lang='lat' dir='ltr'><strong>et</strong></span> <span class='ocrx_word' id='word_1_267' title='bbox 819 3542 847 3590; x_wconf 79' lang='lat' dir='ltr'><strong>in</strong></span> <span class='ocrx_word' id='word_1_268' title='bbox 864 3543 1034 3605; x_wconf 71' lang='lat' dir='ltr'><strong>Demiuryum</strong></span> <span class='ocrx_word' id='word_1_269' title='bbox 1054 3544 1093 3591; x_wconf 71' lang='lat'><strong>28</strong></span> <span class='ocrx_word' id='word_1_270' title='bbox 1128 3541 1238 3591; x_wconf 84' lang='lat' dir='ltr'><strong>Accord</strong></span> 
     </span>
     <span class='ocr_line' id='line_1_30' title="bbox 83 3622 1237 3688; baseline 0.002 -18"><span class='ocrx_word' id='word_1_271' title='bbox 83 3622 168 3671; x_wconf 73' lang='lat' dir='ltr'><strong>Crono.</strong></span> <span class='ocrx_word' id='word_1_272' title='bbox 686 3623 756 3687; x_wconf 82' lang='lat' dir='ltr'><strong>ingly</strong></span> <span class='ocrx_word' id='word_1_273' title='bbox 770 3625 814 3672; x_wconf 86' lang='lat' dir='ltr'><strong>the</strong></span> <span class='ocrx_word' id='word_1_274' title='bbox 831 3624 961 3688; x_wconf 84' lang='lat' dir='ltr'><strong>prophetie</strong></span> <span class='ocrx_word' id='word_1_275' title='bbox 975 3625 1089 3688; x_wconf 75' lang='lat' dir='ltr'><strong>vritings</strong></span> <span class='ocrx_word' id='word_1_276' title='bbox 1106 3640 1169 3672; x_wconf 77' lang='lat' dir='ltr'><strong>were</strong></span> <span class='ocrx_word' id='word_1_277' title='bbox 1187 3624 1237 3672; x_wconf 89' lang='lat' dir='ltr'><strong>dic·</strong></span> 
     </span>
     <span class='ocr_line' id='line_1_31' title="bbox 45 3699 1239 3767; baseline 0.003 -18"><span class='ocrx_word' id='word_1_278' title='bbox 45 3711 49 3718; x_wconf 91' lang='grc'><strong><em>·</em></strong></span> <span class='ocrx_word' id='word_1_279' title='bbox 134 3700 144 3732; x_wconf 93' lang='lat'>¹</span> <span class='ocrx_word' id='word_1_280' title='bbox 162 3702 209 3749; x_wconf 75' lang='grc' dir='ltr'><strong>ὑπὸ</strong></span> <span class='ocrx_word' id='word_1_281' title='bbox 219 3702 264 3748; x_wconf 83' lang='grc' dir='ltr'><strong>τοῦ</strong></span> <span class='ocrx_word' id='word_1_282' title='bbox 280 3701 426 3761; x_wconf 74' lang='grc' dir='ltr'>σπέρματος,</span> <span class='ocrx_word' id='word_1_283' title='bbox 439 3700 483 3748; x_wconf 85' lang='lat' dir='ltr'><strong>the</strong></span> <span class='ocrx_word' id='word_1_284' title='bbox 503 3699 638 3747; x_wconf 85' lang='lat' dir='ltr'><strong>translator</strong></span> <span class='ocrx_word' id='word_1_285' title='bbox 686 3705 764 3763; x_wconf 83' lang='lat' dir='ltr'><strong>tated,</strong></span> <span class='ocrx_word' id='word_1_286' title='bbox 785 3720 812 3752; x_wconf 82' lang='lat' dir='ltr'><strong>as</strong></span> <span class='ocrx_word' id='word_1_287' title='bbox 830 3705 890 3767; x_wconf 86' lang='lat' dir='ltr'><strong>they</strong></span> <span class='ocrx_word' id='word_1_288' title='bbox 911 3704 1044 3767; x_wconf 78' lang='lat' dir='ltr'><strong>imagined,</strong></span> <span class='ocrx_word' id='word_1_289' title='bbox 1069 3704 1152 3767; x_wconf 80' lang='lat' dir='ltr'><strong>partly</strong></span> <span class='ocrx_word' id='word_1_290' title='bbox 1169 3705 1203 3767; x_wconf 83' lang='lat' dir='ltr'><strong>by</strong></span> <span class='ocrx_word' id='word_1_291' title='bbox 1223 3718 1239 3751; x_wconf 87' lang='lat' dir='ltr'><strong>a</strong></span> 
     </span>
     <span class='ocr_line' id='line_1_32' title="bbox 82 3780 1236 3844; baseline -0.003 -13"><span class='ocrx_word' id='word_1_292' title='bbox 82 3782 211 3844; x_wconf 70' lang='lat' dir='ltr'><strong>rudrepl</strong></span> <span class='ocrx_word' id='word_1_293' title='bbox 221 3782 368 3831; x_wconf 78' lang='lat' dir='ltr'><strong>butrits&#39;osc.</strong></span> <span class='ocrx_word' id='word_1_294' title='bbox 686 3781 774 3844; x_wconf 80' lang='lat' dir='ltr'><strong>higher</strong></span> <span class='ocrx_word' id='word_1_295' title='bbox 800 3781 851 3828; x_wconf 90' lang='lat' dir='ltr'><strong>and</strong></span> <span class='ocrx_word' id='word_1_296' title='bbox 881 3795 950 3828; x_wconf 86' lang='lat' dir='ltr'><strong>more</strong></span> <span class='ocrx_word' id='word_1_297' title='bbox 981 3781 1064 3828; x_wconf 81' lang='lat' dir='ltr'><strong>divine</strong></span> <span class='ocrx_word' id='word_1_298' title='bbox 1091 3780 1236 3838; x_wconf 84' lang='lat' dir='ltr'><strong>excellence,</strong></span> 
     </span>
     <span class='ocr_line' id='line_1_33' title="bbox 132 3861 1238 3925; baseline -0.004 -13"><span class='ocrx_word' id='word_1_299' title='bbox 132 3861 196 3911; x_wconf 70' lang='grc' dir='ltr'><strong>’σα</strong></span> <span class='ocrx_word' id='word_1_300' title='bbox 210 3865 290 3924; x_wconf 69' lang='grc' dir='ltr'>ψυχὰς</span> <span class='ocrx_word' id='word_1_301' title='bbox 306 3864 334 3911; x_wconf 77' lang='grc' dir='ltr'><strong>τὸ</strong></span> <span class='ocrx_word' id='word_1_302' title='bbox 349 3863 446 3924; x_wconf 74' lang='grc' dir='ltr'>σπέρμα</span> <span class='ocrx_word' id='word_1_303' title='bbox 464 3863 507 3921; x_wconf 79' lang='grc' dir='ltr'><strong>τῆς</strong></span> <span class='ocrx_word' id='word_1_304' title='bbox 518 3861 638 3921; x_wconf 80' lang='grc' dir='ltr'>’Δχαμὼθ</span> <span class='ocrx_word' id='word_1_305' title='bbox 686 3862 769 3925; x_wconf 79' lang='lat' dir='ltr'><strong>partly</strong></span> <span class='ocrx_word' id='word_1_306' title='bbox 790 3861 825 3924; x_wconf 84' lang='lat' dir='ltr'><strong>by</strong></span> <span class='ocrx_word' id='word_1_307' title='bbox 847 3877 879 3909; x_wconf 86' lang='lat' dir='ltr'><strong>an</strong></span> <span class='ocrx_word' id='word_1_308' title='bbox 897 3861 998 3910; x_wconf 80' lang='lat' dir='ltr'><strong>inferior</strong></span> <span class='ocrx_word' id='word_1_309' title='bbox 1015 3877 1107 3925; x_wconf 84' lang='lat' dir='ltr'><strong>power.</strong></span> <span class='ocrx_word' id='word_1_310' title='bbox 1141 3863 1172 3910; x_wconf 86' lang='lat' dir='ltr'><strong>Ol</strong></span> <span class='ocrx_word' id='word_1_311' title='bbox 1190 3863 1238 3909; x_wconf 77' lang='grc' dir='ltr'><strong>τῶν</strong></span> 
     </span>
     <span class='ocr_line' id='line_1_34' title="bbox 81 3945 1237 4006; baseline 0 -12"><span class='ocrx_word' id='word_1_312' title='bbox 81 3947 195 4006; x_wconf 59' lang='grc' dir='ltr'>ἐχούσας.</span> <span class='ocrx_word' id='word_1_313' title='bbox 687 3945 797 3991; x_wconf 80' lang='grc' dir='ltr'>παλαιῶν</span> <span class='ocrx_word' id='word_1_314' title='bbox 803 3945 952 4004; x_wconf 71' lang='grc' dir='ltr'>γραμμάτων</span> <span class='ocrx_word' id='word_1_315' title='bbox 963 3945 1046 4002; x_wconf 76' lang='grc' dir='ltr'>τὰμὲν</span> <span class='ocrx_word' id='word_1_316' title='bbox 1057 3945 1106 3992; x_wconf 77' lang='grc' dir='ltr'><strong>ἀπὸ</strong></span> <span class='ocrx_word' id='word_1_317' title='bbox 1118 3945 1237 4004; x_wconf 69' lang='grc' dir='ltr'>θειοτέρας</span> 
     </span>
     <span class='ocr_line' id='line_1_35' title="bbox 131 4024 1235 4086; baseline -0.004 -12"><span class='ocrx_word' id='word_1_318' title='bbox 131 4024 212 4074; x_wconf 75' lang='lat' dir='ltr'><strong>’The</strong></span> <span class='ocrx_word' id='word_1_319' title='bbox 234 4025 320 4074; x_wconf 67' lang='lat' dir='ltr'><strong>render</strong></span> <span class='ocrx_word' id='word_1_320' title='bbox 341 4024 391 4073; x_wconf 81' lang='lat' dir='ltr'><strong>will</strong></span> <span class='ocrx_word' id='word_1_321' title='bbox 413 4026 551 4074; x_wconf 84' lang='lat' dir='ltr'><strong>remember</strong></span> <span class='ocrx_word' id='word_1_322' title='bbox 571 4024 636 4073; x_wconf 78' lang='lat' dir='ltr'><strong>from</strong></span> <span class='ocrx_word' id='word_1_323' title='bbox 686 4027 797 4086; x_wconf 72' lang='grc' dir='ltr'>λέγοντες</span> <span class='ocrx_word' id='word_1_324' title='bbox 808 4027 866 4074; x_wconf 81' lang='grc' dir='ltr'>εἶναι</span> <span class='ocrx_word' id='word_1_325' title='bbox 878 4027 995 4086; x_wconf 72' lang='grc' dir='ltr'>δυνάμεως</span> <span class='ocrx_word' id='word_1_326' title='bbox 1007 4027 1046 4074; x_wconf 74' lang='grc' dir='ltr'><strong>καὶ</strong></span> <span class='ocrx_word' id='word_1_327' title='bbox 1057 4028 1100 4084; x_wconf 78' lang='grc' dir='ltr'><strong>τῆς</strong></span> <span class='ocrx_word' id='word_1_328' title='bbox 1112 4026 1235 4084; x_wconf 75' lang='grc' dir='ltr'>ἀνωτάτω,</span> 
     </span>
     <span class='ocr_line' id='line_1_36' title="bbox 80 4104 1234 4170; baseline -0.002 -15"><span class='ocrx_word' id='word_1_329' title='bbox 80 4105 95 4163; x_wconf 71' lang='grc'>5</span> <span class='ocrx_word' id='word_1_330' title='bbox 106 4121 130 4170; x_wconf 85' lang='grc'><strong>9,</strong></span> <span class='ocrx_word' id='word_1_331' title='bbox 143 4121 181 4166; x_wconf 87' lang='lat'><strong>10,</strong></span> <span class='ocrx_word' id='word_1_332' title='bbox 189 4106 247 4155; x_wconf 84' lang='lat' dir='ltr'><strong>that</strong></span> <span class='ocrx_word' id='word_1_333' title='bbox 257 4105 402 4154; x_wconf 76' lang='lat' dir='ltr'><strong>Achamoth</strong></span> <span class='ocrx_word' id='word_1_334' title='bbox 414 4105 512 4153; x_wconf 74' lang='lat' dir='ltr'><strong>insusse</strong></span> <span class='ocrx_word' id='word_1_335' title='bbox 523 4121 539 4152; x_wconf 85' lang='lat' dir='ltr'><strong>a</strong></span> <span class='ocrx_word' id='word_1_336' title='bbox 549 4105 637 4168; x_wconf 80' lang='lat' dir='ltr'><strong>highsr</strong></span> <span class='ocrx_word' id='word_1_337' title='bbox 685 4109 717 4155; x_wconf 78' lang='grc' dir='ltr'><strong>τὰ</strong></span> <span class='ocrx_word' id='word_1_338' title='bbox 735 4109 761 4155; x_wconf 72' lang='grc' dir='ltr'><strong>δὲ</strong></span> <span class='ocrx_word' id='word_1_339' title='bbox 776 4109 824 4156; x_wconf 81' lang='grc' dir='ltr'><strong>ἀπὸ</strong></span> <span class='ocrx_word' id='word_1_340' title='bbox 842 4108 1020 4168; x_wconf 73' lang='grc' dir='ltr'>ὑποδεεστέρας.</span> <span class='ocrx_word' id='word_1_341' title='bbox 1040 4106 1117 4155; x_wconf 84' lang='lat' dir='ltr'><strong>Ome.</strong></span> <span class='ocrx_word' id='word_1_342' title='bbox 1127 4106 1155 4154; x_wconf 82' lang='lat' dir='ltr'><strong>in</strong></span> <span class='ocrx_word' id='word_1_343' title='bbox 1167 4104 1234 4154; x_wconf 70' lang='lat' dir='ltr'><strong>Eub.</strong></span> 
     </span>
     <span class='ocr_line' id='line_1_37' title="bbox 80 4186 1261 4256; baseline -0.002 -18"><span class='ocrx_word' id='word_1_344' title='bbox 80 4189 201 4252; x_wconf 82' lang='lat' dir='ltr'><strong>principle</strong></span> <span class='ocrx_word' id='word_1_345' title='bbox 218 4189 274 4236; x_wconf 88' lang='lat' dir='ltr'><strong>into</strong></span> <span class='ocrx_word' id='word_1_346' title='bbox 291 4188 336 4236; x_wconf 87' lang='lat' dir='ltr'><strong>the</strong></span> <span class='ocrx_word' id='word_1_347' title='bbox 357 4188 472 4252; x_wconf 86' lang='lat' dir='ltr'><strong>spiritual</strong></span> <span class='ocrx_word' id='word_1_348' title='bbox 491 4188 591 4251; x_wconf 90' lang='lat' dir='ltr'><strong>portion</strong></span> <span class='ocrx_word' id='word_1_349' title='bbox 610 4186 639 4235; x_wconf 82' lang='lat' dir='ltr'><strong>cf</strong></span> <span class='ocrx_word' id='word_1_350' title='bbox 685 4201 704 4237; x_wconf 88' lang='lat'><strong>1.</strong></span> <span class='ocrx_word' id='word_1_351' title='bbox 717 4205 742 4252; x_wconf 88' lang='lat' dir='ltr'><strong>p.</strong></span> <span class='ocrx_word' id='word_1_352' title='bbox 757 4202 812 4237; x_wconf 78' lang='lat' dir='ltr'><strong>coo.</strong></span> <span class='ocrx_word' id='word_1_353' title='bbox 1253 4248 1261 4256; x_wconf 25' lang='grc' dir='ltr'>ι</span> 
     </span>
     <span class='ocr_line' id='line_1_38' title="bbox 81 4268 1236 4333; baseline -0.004 -14"><span class='ocrx_word' id='word_1_354' title='bbox 81 4270 202 4319; x_wconf 83' lang='lat' dir='ltr'><strong>mankind</strong></span> <span class='ocrx_word' id='word_1_355' title='bbox 218 4269 331 4333; x_wconf 78' lang='lat' dir='ltr'><strong>through</strong></span> <span class='ocrx_word' id='word_1_356' title='bbox 349 4270 392 4318; x_wconf 87' lang='lat' dir='ltr'><strong>tho</strong></span> <span class='ocrx_word' id='word_1_357' title='bbox 405 4269 569 4318; x_wconf 88' lang='lat' dir='ltr'><strong>uneonscious</strong></span> <span class='ocrx_word' id='word_1_358' title='bbox 586 4268 635 4316; x_wconf 85' lang='lat' dir='ltr'><strong>Do·</strong></span> <span class='ocrx_word' id='word_1_359' title='bbox 734 4268 905 4333; x_wconf 70' lang='lat' dir='ltr'><strong>‘Imagining</strong></span> <span class='ocrx_word' id='word_1_360' title='bbox 922 4277 1011 4319; x_wconf 86' lang='lat' dir='ltr'><strong>atone</strong></span> <span class='ocrx_word' id='word_1_361' title='bbox 1030 4270 1103 4318; x_wconf 84' lang='lat' dir='ltr'><strong>while</strong></span> <span class='ocrx_word' id='word_1_362' title='bbox 1121 4269 1177 4317; x_wconf 84' lang='lat' dir='ltr'><strong>that</strong></span> <span class='ocrx_word' id='word_1_363' title='bbox 1193 4268 1236 4314; x_wconf 81' lang='lat' dir='ltr'><strong>the</strong></span> 
     </span>
     <span class='ocr_line' id='line_1_39' title="bbox 82 4346 1235 4416; baseline -0.005 -16"><span class='ocrx_word' id='word_1_364' title='bbox 82 4352 190 4416; x_wconf 76' lang='lat' dir='ltr'><strong>miurge;</strong></span> <span class='ocrx_word' id='word_1_365' title='bbox 204 4352 256 4400; x_wconf 85' lang='lat' dir='ltr'><strong>and</strong></span> <span class='ocrx_word' id='word_1_366' title='bbox 268 4352 295 4400; x_wconf 90' lang='lat' dir='ltr'><strong>in</strong></span> <span class='ocrx_word' id='word_1_367' title='bbox 306 4351 350 4400; x_wconf 84' lang='lat' dir='ltr'><strong>the</strong></span> <span class='ocrx_word' id='word_1_368' title='bbox 360 4367 428 4400; x_wconf 81' lang='lat' dir='ltr'><strong>same</strong></span> <span class='ocrx_word' id='word_1_369' title='bbox 439 4367 502 4415; x_wconf 79' lang='lat' dir='ltr'><strong>way,</strong></span> <span class='ocrx_word' id='word_1_370' title='bbox 516 4351 559 4399; x_wconf 90' lang='lat' dir='ltr'><strong>the</strong></span> <span class='ocrx_word' id='word_1_371' title='bbox 569 4350 636 4399; x_wconf 87' lang='lat' dir='ltr'><strong>sculs</strong></span> <span class='ocrx_word' id='word_1_372' title='bbox 685 4351 798 4414; x_wconf 81' lang='lat' dir='ltr'><strong>spiritual</strong></span> <span class='ocrx_word' id='word_1_373' title='bbox 815 4351 934 4414; x_wconf 87' lang='lat' dir='ltr'><strong>principle</strong></span> <span class='ocrx_word' id='word_1_374' title='bbox 951 4351 1000 4399; x_wconf 75' lang='lat' dir='ltr'><strong>hed</strong></span> <span class='ocrx_word' id='word_1_375' title='bbox 1018 4350 1108 4414; x_wconf 82' lang='lat' dir='ltr'><strong>gained</strong></span> <span class='ocrx_word' id='word_1_376' title='bbox 1119 4366 1152 4397; x_wconf 82' lang='lat' dir='ltr'><strong>an</strong></span> <span class='ocrx_word' id='word_1_377' title='bbox 1169 4346 1235 4395; x_wconf 78' lang='lat' dir='ltr'><strong>inde·</strong></span> 
     </span>
     <span class='ocr_line' id='line_1_40' title="bbox 82 4426 1236 4497; baseline -0.006 -17"><span class='ocrx_word' id='word_1_378' title='bbox 82 4432 174 4482; x_wconf 79' lang='lat' dir='ltr'><strong>formed</strong></span> <span class='ocrx_word' id='word_1_379' title='bbox 185 4433 282 4497; x_wconf 83' lang='lat' dir='ltr'><strong>byhim</strong></span> <span class='ocrx_word' id='word_1_380' title='bbox 291 4431 442 4495; x_wconf 69' lang='lat' dir='ltr'><strong>vmgiltcd</strong></span> <span class='ocrx_word' id='word_1_381' title='bbox 453 4431 487 4494; x_wconf 88' lang='lat' dir='ltr'><strong>by</strong></span> <span class='ocrx_word' id='word_1_382' title='bbox 493 4431 635 4479; x_wconf 78' lang='lat' dir='ltr'><strong>Achamoth</strong></span> <span class='ocrx_word' id='word_1_383' title='bbox 685 4432 795 4496; x_wconf 86' lang='lat' dir='ltr'><strong>pendent</strong></span> <span class='ocrx_word' id='word_1_384' title='bbox 805 4437 940 4492; x_wconf 86' lang='lat' dir='ltr'><strong>utteranoe,</strong></span> <span class='ocrx_word' id='word_1_385' title='bbox 957 4431 1008 4479; x_wconf 86' lang='lat' dir='ltr'><strong>and</strong></span> <span class='ocrx_word' id='word_1_386' title='bbox 1022 4431 1072 4478; x_wconf 79' lang='lat' dir='ltr'><strong>had</strong></span> <span class='ocrx_word' id='word_1_387' title='bbox 1088 4430 1183 4492; x_wconf 83' lang='lat' dir='ltr'><strong>spoken</strong></span> <span class='ocrx_word' id='word_1_388' title='bbox 1201 4426 1236 4487; x_wconf 83' lang='lat' dir='ltr'><strong>by</strong></span> 
     </span>
     <span class='ocr_line' id='line_1_41' title="bbox 81 4509 1235 4580; baseline -0.009 -17"><span class='ocrx_word' id='word_1_389' title='bbox 81 4515 140 4564; x_wconf 72' lang='lat' dir='ltr'><strong>with</strong></span> <span class='ocrx_word' id='word_1_390' title='bbox 151 4515 195 4565; x_wconf 84' lang='lat' dir='ltr'><strong>the</strong></span> <span class='ocrx_word' id='word_1_391' title='bbox 205 4513 282 4580; x_wconf 86' lang='lat' dir='ltr'><strong>spirit</strong></span> <span class='ocrx_word' id='word_1_392' title='bbox 293 4512 323 4562; x_wconf 79' lang='lat' dir='ltr'><strong>cf</strong></span> <span class='ocrx_word' id='word_1_393' title='bbox 336 4513 467 4576; x_wconf 80' lang='lat' dir='ltr'><strong>prophecy.</strong></span> <span class='ocrx_word' id='word_1_394' title='bbox 685 4514 728 4562; x_wconf 89' lang='lat' dir='ltr'><strong>the</strong></span> <span class='ocrx_word' id='word_1_395' title='bbox 746 4513 877 4576; x_wconf 85' lang='lat' dir='ltr'><strong>prophcts;</strong></span> <span class='ocrx_word' id='word_1_396' title='bbox 893 4517 921 4560; x_wconf 89' lang='lat' dir='ltr'><strong>at</strong></span> <span class='ocrx_word' id='word_1_397' title='bbox 939 4512 1052 4568; x_wconf 86' lang='lat' dir='ltr'><strong>another,</strong></span> <span class='ocrx_word' id='word_1_398' title='bbox 1072 4510 1129 4557; x_wconf 76' lang='lat' dir='ltr'><strong>thot</strong></span> <span class='ocrx_word' id='word_1_399' title='bbox 1146 4509 1167 4556; x_wconf 91' lang='lat' dir='ltr'><strong>it</strong></span> <span class='ocrx_word' id='word_1_400' title='bbox 1184 4520 1235 4553; x_wconf 81' lang='lat' dir='ltr'><strong>was</strong></span> 
     </span>
    </p>
   </div>
   <div class='ocr_carea' id='block_1_7' title="bbox 0 0 1482 4986">
    <p class='ocr_par' dir='ltr' id='par_1_9' title="bbox 0 0 1482 4986">
     <span class='ocr_line' id='line_1_42' title="bbox 0 0 1482 4986; baseline 0 0"><span class='ocrx_word' id='word_1_401' title='bbox 0 0 1482 4986; x_wconf 95' lang='lat' dir='ltr'><strong> </strong></span> 
     </span>
    </p>
   </div>
  </div>
 </body>
</html>
