2954 4986
427 364 556 428 aroua
582 364 711 418 numa
734 364 870 418 vrmu.
1159 351 1226 415 383

71 515 197 580 dicebat
220 514 353 603 ingratis
373 517 596 583 exsistentibus
617 517 650 581 in
671 539 761 582 eum:
783 519 839 583 ¹Si
858 519 893 582 iu
907 517 1023 583 modico
1036 517 1147 601 fideles
1168 539 1228 583 noa

61 620 187 703 fuistis,
202 620 285 706 qaod
296 642 441 706 mapsam
456 631 497 685 est
511 621 581 707 quis
595 620 797 686 dubitastis?
811 621 1002 709 significans,
1017 621 1163 708 quoniam
1175 621 1227 708 qui

72 722 105 785 in
120 722 244 787 modica
264 723 426 809 temporali
441 724 506 788 vita
527 724 643 811 ingrati
663 724 850 790 exstiterunt
871 725 901 790 ei
916 726 968 811 qui
983 748 1053 790 eam
1070 726 1226 811 preastitit,

1270 539 1323 580 ΗΒ.
1333 540 1362 580 11.

1284 588 1319 626 lvi.
1330 589 1347 625 l.

1245 635 1288 673 GR.
1300 634 1385 673 nuru.

1258 681 1334 720 Mass
1346 680 1375 719 11.

1268 726 1367 766 natu&

68 828 155 913 juste
167 851 230 893 non
240 828 410 914 percipient
423 830 464 894 ab
475 851 512 894 eo
528 829 559 893 in
574 829 723 894 saeculum
737 830 843 895 saeculi
857 830 1082 918 longitudinem
1096 830 1227 897 dierum.
1240 836 1345 877 Leuat·
1355 838 1384 876 ¹¹·

138 935 167 996 2.
215 931 304 997 Siout
318 941 424 998 autem
439 955 552 1019 corpus
564 933 698 999 animale
715 935 818 1020 ipsum
833 935 957 1020 quidem
974 956 1035 999 non
1050 943 1099 999 est
1112 934 1227 1013 anima,

72 1035 278 1122 participatur
299 1044 405 1100 autem
427 1036 574 1116 animam,
590 1038 792 1125 quoadusque
807 1039 896 1104 Deus
910 1038 993 1102 vult:
1017 1038 1063 1103 sic
1077 1046 1110 1102 et
1124 1038 1229 1103 anima

73 1140 142 1225 ipsa
157 1140 282 1225 quidem
296 1143 378 1202 ²n0n
392 1148 441 1204 est
455 1140 528 1217 vita,
539 1140 741 1226 participatur
754 1150 860 1208 autem
872 1164 893 1206 a
902 1142 971 1206 Deo
986 1141 1045 1207 sibi
1057 1141 1229 1226 praestitam

73 1242 181 1307 vitam.
217 1241 312 1308 Unde
327 1251 359 1306 et
373 1243 573 1328 propheticus
595 1265 698 1308 sermo
713 1244 752 1308 de
767 1244 960 1330 protoplasto
983 1244 1047 1308 ait:
1062 1245 1173 1329 sactus
1187 1253 1230 1309 eat

73 1348 110 1411 iu
123 1348 261 1411 antinum
275 1348 394 1421 oioam;
412 1347 527 1412 docens
537 1370 605 1425 nos,
618 1347 765 1434 quoniam
775 1349 947 1414 secundum
962 1348 1230 1435 participationem

74 1459 147 1524 vitae
161 1458 267 1524 vivens
281 1459 365 1524 facta
379 1467 426 1524 est
447 1458 569 1535 anima;
592 1458 637 1524 ita
651 1468 687 1524 ut
701 1459 869 1546 separatim
884 1460 1008 1547 quidem
1023 1459 1127 1524 anima
1141 1459 1231 1524 intel-

74 1562 200 1652 ligatur,
222 1563 391 1650 separatim
415 1571 522 1628 autem
543 1586 613 1650 quae
636 1568 730 1650 ³erga
751 1585 820 1628 eam
842 1572 891 1628 est
912 1564 987 1630 vita.
1033 1563 1103 1628 Deo
1125 1563 1232 1651 itaque

75 1666 171 1731 vitam
201 1674 235 1731 et
262 1676 444 1753 perpetuam
472 1666 732 1754 perseverantiam
761 1666 907 1744 donante,
938 1665 1022 1754 capit
1051 1674 1084 1731 et
1111 1665 1232 1731 animas

75 1770 209 1857 primum
223 1793 287 1836 non
301 1771 488 1837 exsistentes
503 1770 614 1836 dehinc
629 1792 834 1856 perseverare,
850 1792 922 1835 cum
939 1791 994 1835 eas
1013 1770 1102 1835 Deus
1115 1778 1148 1835 et
1162 1792 1231 1836 esse

75 1884 108 1941 et
121 1875 291 1941 subsistere
306 1875 445 1941 voluerit.
492 1874 665 1962 Principari
680 1876 763 1941 enim
778 1875 871 1940 debet
885 1874 917 1938 in
927 1874 1071 1940 omnibus
1084 1881 1117 1939 et
1132 1874 1231 1939 domi-

76 1979 143 2044 nari
164 1978 308 2044 voluntas
330 1978 414 2055 Dei3
438 1978 556 2066 reliqua
576 1986 682 2044 autem
706 1977 810 2044 omnia
831 1977 903 2042 huic
924 1978 1043 2056 cedere,
1059 1986 1091 2043 et
1105 1977 1232 2043 subdita

75 2104 154 2160 esse,
166 2091 200 2147 et
214 2081 246 2146 in
258 2082 418 2147 servitium
433 2082 548 2147 dedita.
571 2082 616 2147 Et
628 2083 667 2148 de
681 2083 803 2148 factura
817 2080 942 2169 quidem
956 2088 988 2147 et
1002 2080 1230 2168 perseverantia

76 2185 189 2251 animae
203 2185 364 2272 hucusque
378 2185 497 2251 dictum
514 2185 566 2252 sit.

534 2437 636 2503 OAP.
661 2436 773 2504 LVII.

241 2605 395 2682 Eversio
412 2604 598 2680 Basilidis
614 2607 783 2681 caelorum
787 2606 1066 2705 fabricationis.

141 2794 327 2858 Basrmoss
349 2799 456 2856 autem
477 2798 510 2856 et
531 2789 598 2876 ipse
619 2812 713 2876 super
732 2791 801 2857 haec
819 2813 890 2879 qnae
910 2792 994 2857 dicta
1014 2799 1088 2857 sunt
1102 2800 1231 2879 cogetur

76 2897 178 2963 dicere
201 2895 373 2961 secundum
397 2915 487 2958 suam
511 2892 661 2980 regulam,
690 2916 753 2959 non
782 2895 884 2960 solum
911 2917 1038 2958 ccccxv
1059 2895 1230 2959 secundum

76 3000 305 3067 successionem
328 2998 406 3065 alios
428 2997 469 3062 ab
494 2997 563 3062 aliis
588 2999 698 3077 iactos,
722 2998 778 3062 sed
802 2998 986 3063 immensam
1015 2998 1171 3084 quandam
1197 3006 1231 3063 et

76 3102 329 3168 innumerabilem
350 3100 580 3165 multitudinem
601 3100 750 3164 coelorum
770 3122 892 3186 semper
912 3101 1038 3177 iactam,
1054 3106 1088 3164 et
1106 3099 1182 3175 fieri,
1198 3107 1231 3165 et

76 3212 214 3273 futurum
235 3215 271 3271 ut
292 3208 380 3283 fiant,
395 3214 428 3270 et
451 3226 608 3291 nunquam
628 3205 760 3269 delicere
782 3203 959 3289 hujusmodi
974 3204 1123 3268 fabricam
1137 3204 1231 3268 coslo·

77 3334 157 3376 rum.
202 3310 236 3374 Si
251 3311 333 3374 enim
347 3314 403 3373 ⁴ex
418 3308 543 3373 defluxu
558 3306 669 3393 prioris
683 3306 855 3371 secundnm
869 3307 988 3372 sactum
1002 3313 1050 3371 est
1061 3305 1176 3371 coelum
1189 3306 1231 3369 ad

125 3519 217 3568 ¹Sir'n
228 3518 327 3567 modim.
356 3515 628 3577 &mortalesque-ra
680 3515 786 3564 Putrem
797 3515 879 3565 Seerrlr'
890 3526 909 3564 1.
919 3530 946 3576 p.
962 3526 1001 3576 35.
1027 3513 1131 3562 Garat.

74 3602 154 3666 iprim
170 3601 355 3662 &rariter-mab
371 3599 463 3649 Ireaoeo
477 3598 583 3661 prolata,
599 3597 628 3645 ιἰι
729 3597 923 3656 ῃΝοτιιαῑαὶια,
938 3599 980 3645 de.
1010 3594 1232 3658 Hoecdereriprirrc

74 3686 162 3734 nostris
173 3682 312 3746 Evonpcliir
322 3683 359 3730 ita
371 3697 419 3729 uon
431 3681 557 3742 territatum
567 3678 626 3741 refe·
680 3679 775 3728 videtur·
787 3696 799 3728 c
811 3679 906 3730 Jour'ni
919 3679 955 3728 M.
972 3677 1042 3726 Dici.
1062 3692 1117 3725 cuna
1139 3677 1229 3740 Tryplt.

74 3776 165 3817 rurrtur
175 3776 254 3816 {auten
264 3763 629 3828 codcrafcremodoabductore
677 3777 704 3822 p.
720 3775 774 3820 224,
793 3760 836 3809 noi
852 3760 882 3807 ‹le
899 3758 985 3807 ocima
1000 3757 1050 3808 air:
1067 3759 1094 3806 οὐ
1111 3760 1159 3818 leri]
1171 3760 1232 3807 αὕτα

75 3851 153 3914 Epist.
169 3865 190 3899 ι.
209 3852 235 3899 S.
251 3848 365 3900 Glerrrenti
379 3848 487 3896 [lornano
501 3846 571 3908 ιιαὶμο
583 3844 626 3893 oct
681 3843 716 3902 ζῇ,
730 3842 795 3889 ἀλλὰ
809 3840 1031 3901 μεταλαμβάνουσα
1042 3841 1085 3900 τῆς
1101 3842 1166 3900 ζωῆς,
1181 3843 1230 3889 ἔτι·

74 3932 176 3994 scripto,
189 3932 232 3980 ubi
248 3930 327 3980 Gracc
338 3931 374 3977 ita
384 3934 484 3977 sonunt:
501 3929 568 3988 λέγει
579 3928 628 3988 γὰρ
678 3940 720 3984 ρον
739 3924 766 3972 δέ
783 3941 808 3971 τι
830 3924 859 3971 τὸ
878 3924 981 3983 μετέχον
1000 3924 1069 3982 τινὸς,
1094 3924 1182 3972 ἐκείνου
1204 3916 1232 3970 οὗ

76 4018 162 4078 Κύριος
174 4018 198 4064 ἐν
209 4016 244 4075 τῷ
255 4013 408 4074 Εὐαγγελλῳ·
427 4012 448 4058 cl
458 4011 486 4058 τὸ
497 4011 579 4072 μικρὸν
586 4011 628 4058 οὐκ
679 4007 785 4066 μετέχει·
804 4007 863 4064 ζωῆς
880 4007 907 4053 δὲ
924 4006 992 4067 ψυχὴ
1007 4006 1112 4065 μετέχει,
1127 4005 1180 4053 ἐπεὶ
1190 4002 1233 4064 ζῇν

75 4099 217 4159 ἐτηρήσατε,
232 4098 261 4144 τὸ
271 4097 336 4156 μέγα
348 4096 384 4143 τίς
396 4094 448 4153 ὑμῖν
460 4093 531 4140 δώσει
537 4108 544 4151 ;
561 4091 627 4152 λέγω
680 4089 755 4147 α’πὴν
765 4088 778 4136 d
789 4088 847 4136 θεὸς
857 4089 981 4150 βούλεται.
1003 4086 1105 4135 Gaamt.

74 4184 123 4243 γὰρ
143 4182 201 4239 ὑμῖν,
216 4182 254 4229 ὅτι
270 4181 283 4229 d
300 4181 384 4228 πιστὸς
401 4180 426 4227 ἐν
441 4176 572 4236 ἐλαχίστῳ,
587 4175 628 4222 καὶ
728 4169 739 4202 ³
756 4170 897 4219 Haunmu
908 4184 1025 4235 proposes
1033 4170 1103 4230 ἔργον
1109 4166 1165 4229 ejus,
1174 4181 1231 4215 oon·

75 4265 100 4311 ἐν
123 4261 208 4322 πολλῷ
231 4263 315 4311 πιστός
335 4263 408 4310 ἐστιν.
443 4259 481 4307 Er
498 4255 628 4319 Eronpelio
678 4254 794 4319 ristently
805 4255 867 4303 with
878 4254 916 4302 his
931 4256 992 4316 ἔργα
1005 4251 1081 4313 μιαρά,
1095 4267 1120 4315 p.
1135 4261 1190 4311 373,
1204 4265 1230 4299 n.

73 4352 153 4394 αιιίιτιι
163 4344 295 4393 secuudum
308 4341 436 4404 AEpyptrbr
446 4356 475 4389 ca
486 4337 627 4401 deprompto
679 4354 702 4401 5.
733 4339 802 4401 Erpa
812 4354 865 4387 eom
877 4338 898 4387 is
908 4335 998 4400 simply
1009 4334 1048 4383 for
1059 4334 1114 4396 περὶ
1124 4333 1207 4391 atreb.

73 4427 179 4489 conjicio,
208 4426 268 4489 qnia
295 4425 348 4472 alic
376 4438 466 4486 proque
489 4421 548 4469 inde
569 4420 625 4470 alle·
727 4418 836 4469 ‘Grues
849 4422 875 4480 ἐξ
887 4417 1014 4481 άτοῤῥοίατ
1028 4414 1233 4479 lmoeummtp

72 4512 139 4573 pacit
149 4509 339 4573 illiueBpr'stoloe
347 4508 382 4556 rel
393 4506 511 4557 Romilio
523 4505 624 4556 Clemen-
677 4502 741 4561 ετίια,
757 4518 785 4551 a
800 4500 922 4564 superiori
928 4515 955 4563 p.
968 4510 1009 4563 97,
1021 4515 1047 4549 τι.
1061 4509 1084 4561 7,
1095 4497 1229 4561 ωῑὶιμίῑϋτ.

73 4594 131 4642 tiurc
144 4593 241 4652 Auctor,
254 4592 285 4640 de
299 4591 386 4654 quiam
402 4589 456 4638 au'dc
471 4587 627 4653 Spicr'lepium
678 4586 781 4635 Ganos.
1139 4572 1143 4585 ¹

1242 1270 1294 1311 Gen.
1303 1271 1351 1316 lt?-
