2954 4986
239 339 304 402 138
718 350 908 404 essiones

71 530 222 617 tgglf'vffht
238 512 401 594 εποίησεν.
445 510 575 581 Ἔστιν
595 504 665 613 [Η.
684 501 757 612 οὖν]
776 511 795 578 ὁ
814 506 874 590 μὲν
891 506 1012 599 Λόγος
1028 508 1114 604 ἔχων
1132 509 1188 580 καὶ
1212 511 1231 589 ἡ
1254 508 1331 590 Zeti
1349 505 1394 579 τδ
1407 528 1470 614 {iffi

71 623 149 662 nass,
158 624 173 661 ι,
181 624 223 661 nv.

139 672 157 708 ιι

72 742 220 751 ”“““””
239 735 363 835 Πατὴρ
389 735 441 805 καὶ
468 739 486 818 ἡ
510 735 669 817 Ἀλήθεια
696 731 742 805 τὰ
759 732 858 803 ε’ννὲα.
903 730 1041 815 Ἐπειδὴ
1059 727 1130 838 [H.
1150 732 1234 803 Ἐπὶ
1258 727 1314 836 δὲ]
1334 738 1397 804 τοῦ

237 851 485 946 ὑστερήσαντος
514 848 624 938 λόγον
652 848 671 917 ὁ
700 843 925 944 ἆφεδρασθεὶς
950 846 983 915 ε’ν
1008 852 1063 935 τῷ
1085 845 1204 944 Πατρὶ
1236 847 1393 927 κατῆλθε,

237 961 403 1059 πεμφθεὶς
436 956 507 1065 [H.
538 952 758 1062 ἐκπεμφθεὶς]
789 957 844 1028 ε’πῖ
873 955 934 1028 τδν
970 957 1034 1056 άφ’
1063 960 1105 1027 osi
1135 956 1307 1056 ἐχωρίσθη
1339 957 1392 1026 ε’πῖ

237 1070 409 1171 διορθώσει
436 1077 502 1144 τῶν
530 1071 758 1169 πραχθέντων,
785 1070 853 1140 ι’ἵνα
883 1072 901 1151 ἡ
927 1074 994 1141 τῶν
1019 1067 1252 1167 πληρωμάτων
1281 1070 1393 1150 ἑνότης

237 1185 382 1265 ι’σότητα
416 1186 541 1280 ἔχουσα
579 1189 790 1282 καρποφορῇ
818 1183 896 1264 μίαν
922 1183 954 1251 ε’ν
983 1185 1068 1252 πᾶσι
1098 1182 1160 1264 τὴν
1191 1182 1228 1252 εἰς
1259 1181 1394 1253 πάντων

238 1294 378 1380 δύναμιν.
425 1295 495 1366 Καὶ
523 1293 624 1372 οὕτως
653 1297 672 1366 ὁ
698 1299 764 1367 τῶν
795 1291 882 1365 ἕπτδ
911 1294 972 1376 τὴν
998 1299 1065 1365 τῶν
1094 1292 1181 1366 ὀκτὼ
1207 1295 1392 1378 ἐκομίσατο

238 1406 378 1492 δύναμιν·
415 1408 468 1478 καὶ
490 1408 646 1499 ε”γὲνοντο
669 1410 702 1478 οἱ
724 1403 794 1512 [Η.
813 1399 920 1509 τρεῖς]
944 1408 1047 1477 πόποι
1072 1407 1182 1488 ὅμοιοι
1206 1417 1282 1483 τοῖς
1301 1407 1394 1505 ἆριθ.

237 1531 320 1604 μοῖς,
351 1517 510 1612 ὀγδοάδος
546 1521 647 1597 ὄντες·
688 1521 806 1596 οἵτινες
837 1528 926 1617 τρεῖς
961 1520 1017 1617 ἐφ’
1053 1518 1186 1595 ἑαυτοὺς
1225 1521 1392 1601 ἐλθόντες,

238 1631 299 1705 τόν
318 1638 384 1704 τῶν
402 1629 681 1729 εἰκοσιτεσσάρων
700 1628 865 1724 ἇνέδειξαν
889 1629 1041 1728 ιἰριθμόν.
1083 1628 1140 1700 Τά
1157 1631 1217 1714 μέν
1234 1662 1293 1702 τοι
1313 1632 1392 1730 τρία
1406 1666 1459 1711 aa,

239 1756 394 1841 στοιχεῖα
415 1745 555 1845 άφίησιν
575 1741 645 1850 [H.
662 1739 720 1843 (ά)
734 1736 857 1846 φησιν]
878 1740 975 1819 alric
993 1746 1060 1814 τῶν
1078 1747 1178 1841 τριῶν
1197 1743 1231 1813 ἐν
1251 1742 1392 1844 συζυγία

240 1855 400 1940 δυνάμεων
423 1859 593 1957 ὑπάρχειν,
619 1852 643 1927 ά
668 1858 761 1928 ἐστιν
784 1853 849 1949 ’ἓξ
876 1854 937 1953 εἶφ’
965 1855 1008 1926 ὦν
1031 1855 1177 1952 άπεῤῥόη
1203 1852 1251 1927 τά
1272 1858 1393 1927 εἰκοσι-

239 1971 394 2067 τέσσαρα
437 1979 603 2065 στοιχεΐα,
640 1968 1006 2067 τετραπλασιασθέντα
1054 1974 1104 2056 τῷ
1144 1974 1204 2050 τῆς
1244 1968 1393 2066 ἆρ’ῥῆτον

238 2080 403 2180 τετράδος
433 2083 537 2173 λόγῳ,
563 2080 624 2154 τόν
644 2078 744 2152 αότδν
767 2081 878 2156 αὐτοῖς
895 2075 1037 2177 ἅριθμδν
1054 2089 1151 2163 ποιεῖ,
1168 2075 1280 2179 3άπερ
1304 2079 1391 2180 φησὶ

239 2200 302 2266 τοῦ
334 2194 567 2279 ἆνονομάστον
602 2192 772 2291 ὑπάρχειν.
819 2192 1003 2288 Φορεῖσθαι
1036 2188 1071 2262 δὲ
1103 2189 1189 2263 αι’ντδ
1223 2191 1291 2264 όπδ
1327 2198 1392 2265 τῶν

238 2310 360 2405 4τριῶν
389 2305 557 2391 δυνάμεων,
586 2308 629 2382 εἰς
652 2306 837 2388 ὁμοιότητα
861 2309 925 2376 τοῦ
952 2303 1110 2403 άορότον,
1142 2305 1185 2375 ὧν
1214 2307 1392 2401 στοιχείων

237 2455 283 2521 eis
299 2456 517 2520 eireumdedit.
553 2455 614 2520 Est
630 2455 729 2542 igitur
746 2455 851 2540 Leges
865 2453 986 2518 habens
1002 2458 1036 2518 et
1055 2453 1122 2518 Zoe
1139 2475 1208 2517 vm.
1248 2452 1391 2518 Anthre

238 2577 295 2639 pos
321 2563 430 2619 autem
449 2563 483 2620 et
504 2554 647 2619 Ecclesia
663 2578 718 2619 vn.
771 2553 872 2619 Pater
897 2559 1005 2617 autem
1030 2557 1064 2617 et
1088 2552 1221 2618 Alethia
1243 2576 1288 2617 11.
1342 2553 1390 2617 Ex

237 2653 352 2716 minori
369 2661 479 2718 autem
504 2653 752 2738 computatione,
776 2652 922 2738 quierat
947 2652 1032 2737 apud
1059 2652 1191 2716 Patrem
1214 2652 1389 2726 deseendit,

238 2751 368 2816 emissus
387 2752 461 2816 illue
480 2753 566 2817 unde
587 2752 693 2817 luerat
709 2759 876 2838 separatus
891 2752 933 2815 ad
950 2751 1205 2816 emendationem
1222 2751 1389 2827 laetorum,

237 2859 275 2918 ut
293 2851 513 2916 Pleromatum
536 2851 643 2916 unitas
663 2851 882 2937 aequalitatem
902 2851 1032 2926 habens,
1050 2850 1223 2916 fructificet
1240 2873 1340 2917 unam
1358 2852 1390 2915 in

238 2952 383 3017 omnibus
400 2973 471 3037 quae
489 2957 539 3017 est
556 2973 596 3016 ex
613 2951 758 3016 omnibus
774 2951 883 3016 virtus.
935 2951 980 3014 Et
1002 2950 1047 3015 sie
1069 2949 1096 3015 is
1122 2950 1176 3035 qui
1200 2958 1250 3016 est
1268 2949 1390 3015 numeri

238 3073 284 3116 vn
301 3074 411 3117 eornm
424 3052 478 3138 qni
493 3058 568 3117 sunt
583 3057 657 3117 octo
674 3051 797 3136 aceepit
812 3050 976 3129 virtutem,
996 3061 1030 3114 et
1047 3049 1134 3115 laeta
1150 3058 1226 3114 sunt
1241 3050 1308 3115 tria
1324 3051 1390 3116 loca

236 3151 352 3217 similia
368 3152 516 3229 numeris,
535 3174 607 3217 cum
623 3151 688 3216 sint
705 3150 943 3217 oetenationes:
972 3171 1044 3234 quae
1060 3155 1112 3215 ter
1128 3149 1162 3213 in
1178 3171 1214 3215 se
1230 3149 1391 3216 venientia

237 3250 350 3336 viginti
365 3261 503 3335 quatuor
519 3252 728 3316 ostenderunt
743 3270 918 3314 numerum.
947 3249 993 3314 Et
1006 3248 1070 3314 tria
1082 3249 1210 3334 quidem
1223 3249 1390 3323 elementa,

238 3370 312 3434 quae
338 3350 417 3414 dieit
441 3350 508 3434 ipse
534 3350 633 3414 trium
657 3349 690 3413 in
714 3348 936 3435 conjugatione
957 3348 1113 3413 virtutum
1134 3347 1300 3424 exsistere,
1321 3371 1390 3434 qnae

237 3447 321 3512 fiunt
336 3471 378 3511 vr.
398 3469 439 3511 ex
456 3447 570 3532 quibus
587 3455 815 3513 emanaverunt
831 3447 944 3535 viginti
967 3455 1105 3532 quatuor
1124 3446 1239 3523 literae,
1266 3448 1392 3533 quadri·

237 3547 359 3632 pertita
377 3546 597 3611 inenarrabilis
623 3547 875 3632 quaternationis
900 3547 1032 3625 ratione,
1055 3546 1192 3612 eundem
1218 3544 1309 3637 [enm
1331 3547 1392 3612 illis

238 3639 318 3739 Gn]
334 3668 501 3711 numerum
518 3646 648 3722 faciunt,
667 3670 738 3733 quae
756 3647 884 3732 quidem
901 3646 980 3711 dieit
1005 3645 1088 3710 illiue
1110 3645 1165 3730 qui
1181 3654 1233 3712 est
1258 3645 1392 3711 innomi·

238 3747 352 3812 nabilis
368 3746 530 3813 exsistere.
575 3746 669 3812 lndui
683 3755 793 3812 autem
809 3768 864 3813 eas
882 3769 903 3811 a
919 3746 1022 3811 tribus
1039 3745 1224 3822 virtutibus,
1235 3745 1270 3810 in
1286 3745 1392 3811 simili·

286 3892 436 3956 ¹Gompare
447 3904 466 3941 1.
479 3895 523 3953 ξι,
537 3909 569 3942 on
580 3894 624 3942 the
635 3892 789 3957 unityofthe
837 3888 929 3953 fiarl=6
948 3906 1000 3939 was
1022 3890 1099 3954 easily
1121 3890 1246 3939 mistalren
1267 3890 1307 3939 for
1323 3905 1391 3953 χες,

238 3975 360 4024 Pleroma.
393 3974 447 4022 The
458 3974 532 4023 ninth
543 3974 617 4023 letter
626 3975 703 4038 being
713 3974 789 4023 taken
838 3987 866 4020 as
876 3970 1006 4020 instanesd
1021 3971 1055 4034 by
1067 3971 1097 4019 St
1108 3971 1126 4020 J
1128 3982 1200 4019 nno!
1212 3972 1238 4020 in
1251 3971 1293 4021 Pe.
1306 3971 1391 4020 lxxvii.

238 4057 302 4105 from
313 4057 357 4104 the
370 4061 453 4104 mutes
463 4054 514 4102 and
530 4055 610 4104 added
620 4061 647 4104 to
661 4056 703 4104 the
715 4071 788 4104 seven
838 4052 960 4114 Scriptum
979 4058 1012 4100 est
1031 4051 1057 4100 in
1072 4051 1187 4100 Mattdoee
1207 4050 1241 4116 (ct
1259 4050 1393 4116 Iohanne)

238 4138 337 4197 versele,
366 4137 409 4185 the
435 4137 598 4200 twenty-tour
618 4136 704 4186 letters
725 4152 789 4184 were
837 4133 903 4197 qued
919 4132 1043 4181 Domina
1059 4139 1137 4181 aester
1152 4131 1214 4181 Ιιοια
1229 4139 1296 4181 serta
1316 4135 1392 4181 ιταεί·

237 4219 298 4269 then
310 4217 408 4283 equally
419 4217 576 4267 distributed.
832 4214 900 4276 fixae
910 4214 948 4263 sit.
967 4214 1076 4262 Rursum
1085 4213 1204 4276 seriptum
1215 4221 1247 4262 at
1257 4214 1286 4262 ιἰι
1297 4213 1391 4274 Marce,

287 4297 356 4348 ¹220.
376 4298 445 4346 three
462 4296 517 4360 pair
534 4296 563 4344 of
581 4297 686 4357 σνζθγοι,
707 4312 787 4360 repre·
838 4295 898 4358 quia
918 4295 980 4344 lora
1000 4295 1073 4343 tertia
1093 4294 1223 4357 marafim
1241 4295 1393 4345 rit—Error

238 4381 324 4431 sented
335 4381 369 4445 by
381 4379 464 4438 Pater,
478 4378 632 4441 Anthropos,
646 4376 737 4441 Logos.
837 4378 982 4440 scriptorem
992 4377 1060 4440 snit:
1077 4385 1097 4425 et
1114 4377 1141 4425 ιἰι
1152 4377 1241 4427 Marce
1256 4376 1318 4426 tora
1327 4385 1391 4426 εααα

288 4462 298 4494 ³
315 4462 386 4524 ἄτερ,
399 4461 415 4510 i.
425 4477 445 4509 e.
459 4461 576 4522 στοιχεῖα.
833 4455 901 4519 fait:
919 4455 960 4504 aad
972 4455 1040 4504 malti
1050 4456 1180 4519 cpiaemum
1191 4455 1301 4506 θπαειινι
1313 4458 1330 4507 F
1341 4472 1389 4520 pa·

287 4543 299 4573 ⁴
315 4543 485 4592 Hieromus
502 4542 546 4591 has
564 4543 596 4601 ἐξ,
613 4541 656 4590 the
673 4541 790 4599 ἐπίσημον
838 4544 948 4587 taverunt
958 4552 1003 4587 ενοι
1015 4539 1041 4586 Γ.
