2954 4986
294 357 370 410 uon
397 357 526 409 veneo
552 357 629 409 auu
655 357 762 409 vrum
787 357 1012 410 samonam.
1158 343 1224 409 285

71 508 145 573 victi
163 512 279 575 suntin
291 512 389 598 primo
405 512 509 579 ¹libr0.
543 511 605 576 Sed
618 511 899 597 quoniamquidem
910 513 1110 599 reprobabilis
1120 520 1153 578 et
1167 514 1226 577 im·
1246 551 1386 592 unum,

71 614 226 695 possibilis
235 615 334 700 prima
344 615 440 694 Noos,
453 616 484 680 id
498 623 548 680 est
561 637 682 693 sensus,
694 616 831 702 ipsomm
846 617 972 682 emissio
987 624 1046 695 est,
1061 618 1226 684 manifeste
1237 646 1282 685 ce.
1293 602 1322 684 ri?
1332 643 1391 683 svor.

71 717 273 784 ostendimus.
300 719 473 784 Videamus
487 727 592 783 autem
607 728 640 783 et
655 720 693 784 de
710 719 846 805 reliquis.
870 721 925 785 Ab
940 721 1000 786 hoc
1015 722 1098 786 enim
1116 721 1226 809 Logon
1258 692 1372 779 ”llddl

71 827 104 883 et
113 821 201 884 Zodn
213 821 412 887 fabricatores
423 823 515 908 hujus
525 821 711 887 Pleromatis
723 824 830 888 dicunt
841 825 981 902 emissos,
992 833 1025 889 et
1035 825 1125 912 Logi,
1135 826 1167 890 id
1177 835 1227 891 est
1242 814 1388 824 ‘—

74 921 183 1000 Verbi,
199 925 323 1008 quidem
337 926 534 990 emissionem
548 926 589 990 ab
612 925 773 990 bominum
791 927 954 992 allectione
974 928 1173 1013 accipientes,
1192 937 1226 994 et

72 1026 303 1092 ²addivinantes
315 1028 463 1093 adversus
475 1028 590 1105 Deum,
606 1029 694 1114 quasi
702 1029 819 1115 aliquid
833 1051 982 1117 magnum
995 1030 1227 1097 adinvenientes

73 1127 104 1190 in
128 1151 166 1194 eo
192 1131 274 1214 quod
301 1131 419 1208 dicunt,
445 1152 465 1195 a
491 1131 544 1195 Nu
571 1153 640 1196 esse
662 1132 809 1197 emissum
832 1131 962 1220 Logon:
992 1134 1075 1218 quod
1102 1133 1227 1219 quidem

72 1254 182 1296 omues
192 1232 333 1298 videlicet
342 1233 454 1309 sciunt,
469 1235 616 1319 quoniam
628 1235 661 1298 in
675 1235 852 1301 hominibus
867 1237 991 1322 quidem
1000 1246 1228 1322 consequenter

72 1335 209 1412 dicatum
227 1337 259 1399 in
273 1358 311 1401 eo
324 1346 430 1402 autem
445 1338 497 1422 qui
512 1338 554 1402 sit
568 1360 660 1424 super
674 1361 782 1404 omnes
796 1340 894 1417 Deus,
909 1348 996 1404 totus
1011 1340 1080 1405 Nus
1094 1349 1127 1405 et
1140 1348 1228 1405 totus

74 1440 180 1527 Logos
190 1464 261 1506 cum
276 1441 328 1519 sit,
344 1443 604 1527 quemadmodum
616 1443 826 1528 praediximus,
841 1451 875 1509 et
889 1464 947 1508 nec
958 1443 1043 1508 aliud
1056 1444 1225 1529 antiquius,

13 1566 54 1603 ra.
71 1566 129 1608 nec
145 1543 307 1630 posterius,
323 1554 378 1609 aut
391 1545 475 1609 aliud
490 1545 638 1609 ³alterius
657 1545 792 1609 habente
807 1546 838 1608 in
854 1568 899 1624 se,
914 1547 970 1611 sed
984 1555 1052 1610 toto
1066 1547 1178 1632 aequali
1193 1556 1227 1613 et

70 1648 163 1712 simili
173 1657 205 1713 et
215 1671 277 1713 uno
285 1657 511 1735 perseverante,
518 1651 585 1735 jam
599 1671 662 1713 non
677 1648 750 1713 talis
763 1649 857 1736 liujus
867 1650 1069 1714 ordinationis
1079 1659 1226 1735 sequetur

71 1750 206 1821 emissio.
252 1751 519 1832 Quemadmodum
541 1751 593 1835 qui
608 1751 683 1815 dicit
698 1773 770 1818 euru
785 1760 887 1817 toturn
901 1751 1060 1830 visionem,
1076 1760 1109 1816 et
1123 1761 1225 1817 totum

71 1857 222 1934 auditum,
240 1857 287 1942 (in
303 1879 364 1942 quo
378 1866 484 1922 autem
498 1857 592 1934 videt,
609 1857 640 1920 in
656 1857 723 1942 ipso
737 1865 770 1921 et
789 1856 888 1931 audit,
905 1856 984 1921 etin
1000 1879 1061 1941 quo
1077 1856 1175 1934 audit,
1193 1855 1225 1920 in

72 1961 141 2046 ipso
156 1968 189 2024 et
204 1960 315 2039 videt),
332 1982 394 2024 non
410 1968 538 2045 peccat:
558 1960 603 2024 sic
625 1968 658 2024 et
680 1959 732 2044 qui
753 1958 808 2036 ait,
824 1967 928 2022 totum
943 1958 1029 2021 illum
1046 1958 1178 2024 Sensum
1192 1967 1225 2024 et

71 2075 176 2129 toturn
194 2063 346 2141 Verbum,
362 2073 394 2128 et
417 2064 449 2126 in
472 2086 534 2147 <quo
558 2063 676 2127 Sensus
697 2071 746 2127 est
764 2063 796 2125 iu
813 2062 873 2127 hoc
891 2071 923 2126 et
940 2061 1081 2126 Verbum
1095 2083 1173 2139 esse,
1192 2072 1226 2128 et

74 2169 216 2234 Verbum
231 2191 300 2234 esse
315 2171 384 2255 ejus
398 2168 481 2232 bunc
497 2166 583 2243 Nun,
595 2167 718 2230 ⁴minus
732 2165 857 2251 quidem
875 2165 977 2229 adhuc
997 2165 1036 2229 de
1054 2167 1148 2229 Patre
1160 2187 1225 2229 orn·

72 2274 159 2337 niurn
172 2274 304 2346 sentiet;
321 2272 499 2337 decentiora
512 2279 618 2336 autem
632 2271 733 2357 magis
747 2291 841 2354 quarn
856 2269 899 2346 hi,
915 2267 967 2354 qui
978 2275 990 2310 ὓ
994 2269 1226 2356 generationem

71 2379 213 2467 prolativi
229 2379 389 2442 hominurn
404 2377 489 2442 verbi
500 2375 710 2440 6transferunt
724 2374 756 2437 in
775 2373 833 2438 Dei
853 2381 1006 2437 aeteruum
1027 2371 1177 2450 Verbum,
1192 2380 1226 2438 et

72 2483 253 2570 prolationis
278 2482 401 2546 initium
427 2483 579 2546 donantes
605 2487 638 2545 et
662 2479 802 2566 genesin,
830 2477 1089 2563 quemadmodum
1112 2484 1144 2541 et
1167 2497 1226 2542 suo

71 2588 176 2651 verbo.
221 2586 266 2650 Et
288 2586 320 2648 in
343 2607 405 2670 quo
426 2584 556 2648 distabit
582 2583 643 2649 Dei
669 2582 820 2658 Verbum,
842 2579 905 2644 imo
926 2579 1027 2665 magis
1048 2580 1115 2664 ipse
1137 2578 1227 2645 Deus

70 2714 142 2757 cum
157 2692 199 2755 sit
210 2689 366 2767 Verbum,
381 2711 402 2753 a
415 2690 509 2754 verbo
524 2687 694 2765 bominum,
709 2685 736 2750 si
750 2683 882 2750 eandem
896 2682 1038 2747 habuerit
1058 2682 1227 2748 ordinatio

70 2818 142 2861 nem
157 2804 190 2860 et
205 2794 401 2858 emissionem
416 2791 646 2879 generationis!

136 2905 168 2965 5.
212 2899 425 2964 Peccauerunt
438 2905 544 2961 autern
559 2903 592 2961 et
603 2895 686 2960 circa
701 2895 799 2970 zoen,
814 2893 953 2958 dicentes
967 2913 1037 2957 eam
1050 2897 1141 2956 sexto
1156 2889 1226 2954 loco

69 3003 226 3079 emissam,
242 3023 336 3086 quam
351 3000 515 3085 oportebat
529 2997 674 3062 omuibus
688 3015 878 3081 praeponere,
897 2993 1043 3077 quoniam
1058 2992 1147 3056 Deus
1161 2989 1226 3054 vita

70 3116 130 3184 est,
145 3115 178 3170 et
196 3103 413 3190 incormptela,
430 3111 463 3166 et
483 3100 607 3165 veritas.
654 3099 699 3162 Et
720 3119 783 3161 non
805 3095 976 3161 secundum
993 3092 1227 3158 descensionem

70 3219 104 3276 et
118 3232 189 3294 quae
204 3216 278 3273 sunt
293 3207 368 3272 talia
382 3211 569 3291 accepemnt
582 3202 783 3275 enrissiones;
799 3199 854 3265 sed
868 3218 975 3263 earum
990 3197 1140 3260 virtutum
1155 3215 1227 3278 qum

70 3335 193 3399 semper
206 3320 280 3376 sunt
294 3333 365 3376 cum
380 3310 451 3374 Deo
470 3306 692 3393 appellationes
706 3312 791 3380 sunt,
806 3297 1066 3386 quemadmodum
1080 3294 1227 3382 possibile

11 3429 48 3468 ’ἃ
70 3424 119 3480 est
139 3423 172 3480 et
193 3414 322 3500 dignum
344 3411 522 3476 hominibus
540 3408 647 3473 audire
661 3417 695 3472 et
708 3406 811 3470 dicere
831 3404 870 3469 de
886 3403 968 3467 Deo.
1012 3397 1227 3485 Appellationi

69 3519 153 3583 enim
168 3517 229 3583 Dei
246 3515 505 3582 ⁷ooobaudientur
519 3533 638 3588 sensus,
650 3519 682 3576 et
693 3509 831 3585 verbum,
843 3505 958 3583 atrita,
969 3512 1002 3569 et
1011 3500 1227 3588 incorruptela,

117 3687 128 3718 ⁴
145 3685 218 3735 initur
230 3702 274 3734 cm.
287 3685 363 3746 ἀρχὰς
375 3682 423 3730 τῶν
434 3680 567 3743 προβολῶν.
722 3672 733 3704 ⁵
750 3672 794 3722 Aa
804 3671 847 3719 bos
858 3668 978 3718 hereticos
988 3667 1102 3730 quadrat,
1118 3666 1182 3729 quod
1198 3665 1229 3715 de

117 3768 126 3800 ¹
144 3769 213 3828 libro,
228 3765 332 3816 omitted
343 3765 368 3812 iu
380 3765 423 3812 the
434 3762 485 3811 Aa.
499 3759 556 3809 MS.
673 3753 733 3803 aliis
750 3753 786 3801 cit
805 3752 916 3814 Oisyme
934 3750 999 3798 Tem.
1012 3760 1031 3798 1.
1053 3747 1180 3797 comnena.
1200 3747 1229 3796 ia

117 3850 389 3910 ’rarapmentpooq
409 3862 437 3894 as
454 3845 548 3892 Ganos
565 3842 624 3890 ima·
673 3837 819 3894 Iohannem,
839 3848 884 3894 pa.
902 3846 940 3891 ²4·
983 3832 1083 3888 οἰόμενοι
1106 3831 1230 3892 προφορὰν

68 3937 146 3999 gines,
158 3934 190 3982 cf.
199 3945 217 3981 1.
228 3932 297 3980 xxiii.
307 3930 470 3988 μαντεύονται.
497 3926 625 3985 Παραμαν·
675 3920 801 3979 πατρικὴν,
826 3917 895 3964 οἱονεὶ
917 3916 943 3962 ἐν
964 3913 1099 3975 συλλαβαῖς
1122 3914 1229 3970 κειμένην

67 4019 189 4074 τευόμενοι
216 4012 298 4062 would
326 4011 357 4059 be
383 4025 451 4057 moro
478 4004 622 4068 analogical.
675 4001 734 4046 εἶναι
746 3999 787 4045 τὸν
799 3999 846 4044 vlbr
856 3997 900 4043 τοῦ
911 3995 979 4044 Θεοῦ.
1016 3994 1119 4042 Gnatia.

70 4099 164 4148 Terram
174 4098 205 4146 de
216 4097 267 4145 Deo
279 4091 432 4156 conjicientes.
468 4089 553 4137 Mass.
724 4078 735 4110 ⁶
752 4079 817 4127 Bene
835 4076 945 4125 uuanda
963 4073 1053 4125 Jmaei
1068 4073 1183 4122 cententio
1199 4072 1230 4120 de

117 4180 129 4211 ³
146 4180 241 4228 Gitana
252 4176 307 4224 first
318 4171 426 4221 restored
438 4169 536 4217 altadus
545 4169 570 4215 in
581 4167 625 4215 the
674 4159 803 4210 monitae
812 4158 876 4207 Filii
885 4157 939 4215 Dei,
954 4156 1050 4204 nullum
1061 4155 1169 4202 ludentia
1180 4152 1228 4200 iai·

68 4261 139 4326 place
151 4259 179 4307 οἰ
188 4256 304 4315 amorius,
319 4253 368 4302 aud
379 4253 423 4300 tlre
435 4249 593 4299 emendation
604 4249 625 4296 is
674 4244 742 4302 lium,
756 4259 769 4290 c
785 4241 903 4289 diaructro
915 4238 1067 4285 Aristaenum
1084 4233 1168 4282 lar-eet
1184 4232 1233 4280 ad·-

69 4341 204 4395 coufirmed
226 4340 260 4403 by
283 4339 326 4386 the
355 4335 455 4384 Cusus.
480 4330 537 4379 MS.
571 4330 625 4378 'I'hs
674 4341 748 4374 cerac.
784 4324 886 4372 Galus.

69 4425 153 4474 Greek
166 4439 226 4486 may
237 4423 300 4469 have
311 4420 380 4477 been,
395 4418 412 4475 ἦ
423 4418 485 4463 ἄλλο
498 4431 522 4460 τι
534 4413 622 4472 ἑτέρου.
723 4402 945 4461 ’σοσῦασᾶίσιίση
969 4397 1156 4459 συμφωνήσωσι
1179 4406 1231 4442 was

118 4505 129 4536 ⁴
145 4504 228 4551 minus
238 4501 335 4563 quidem
345 4495 523 4547 ...decentiora
533 4499 625 4548 anteum
675 4488 795 4553 probably
811 4487 838 4534 in
854 4486 898 4533 the
914 4481 1025 4545 original,
1045 4480 1067 4527 if
1081 4494 1116 4538 so,
1135 4490 1233 4526 cornea·

70 4588 143 4647 ἧττον
159 4581 441 4645 μὲν...εῠπρεπέστερον
457 4578 490 4625 δέ.
673 4572 731 4620 ciens
742 4568 827 4618 would
841 4568 908 4617 bave
917 4566 983 4614 besu
995 4564 1090 4612 musar.
