2954 4986
407 366 547 420 meras
572 365 788 418 nu1ss1ou1s
813 366 940 420 osroo.
1181 352 1248 416 309

80 520 255 585 seeundum
270 522 462 608 qualitatem,
478 545 537 588 neo
550 523 720 587 seeundum
736 522 953 600 substantiam,
965 522 1135 587 seeundum
1147 544 1241 607 quam
1282 541 1336 581 um.
1346 541 1375 581 u.

1288 589 1338 626 xxl'u
1350 591 1367 627 l.

81 622 229 706 passibile
243 624 359 708 aliquid
372 624 421 690 vel
438 624 626 710 impassibile
649 632 719 697 est;
742 624 799 688 sed
812 632 869 688 aut
883 624 1052 702 universos,
1071 647 1111 689 ex
1126 624 1241 689 lumine
1254 633 1403 719 ssffpggfltj·

82 747 157 789 cum
170 724 235 790 sint
245 735 387 810 paterno,
396 725 580 790 naturaliter
589 725 796 811 impassibiles
804 734 837 790 et
851 727 1061 791 immutabiles
1073 748 1142 792 esse
1153 747 1242 813 opor·
1288 726 1338 764 ”¹¹
1349 728 1369 764 ⁵·

82 834 150 891 tet:
174 835 230 890 aut
241 827 374 892 universi
385 850 456 892 cum
471 837 601 913 paterno
615 827 731 892 lumine
745 836 778 892 et
791 828 963 913 passibiles,
979 837 1012 895 et
1027 829 1243 895 commutatio-

83 949 161 991 num
176 929 382 1015 corruptionis
393 952 525 1016 eapaeee
535 937 620 996 sunt.
651 930 734 994 Haeu
747 939 854 994 autem
865 931 975 995 eadem
989 931 1071 995 ratio
1085 940 1241 1017 sequetur,

84 1029 156 1107 etsi,
171 1030 256 1095 velut
269 1032 310 1096 ab
324 1033 435 1096 arbore
449 1052 562 1109 ramos,
580 1030 720 1095 dicante
736 1031 825 1117 Logo
839 1040 946 1096 natam
961 1053 1031 1097 esse
1044 1033 1242 1098 emissionem

85 1132 238 1211 AEouum,
249 1155 319 1199 cum
329 1134 435 1220 Logos
443 1155 463 1197 a
472 1134 569 1198 Patre
577 1133 712 1218 ipsorum
721 1135 954 1220 generationem
963 1135 1091 1200 babeat:
1104 1137 1243 1222 ejusdem

86 1235 171 1299 enim
189 1236 372 1300 substantiae
388 1257 496 1300 omnes
513 1235 711 1299 inveniuntur
724 1257 796 1300 eum
812 1236 919 1313 Patre,
935 1245 1058 1301 tantum
1073 1238 1243 1302 secundum

86 1337 343 1424 magnitudinem,
358 1337 415 1402 sed
429 1358 492 1401 non
506 1336 677 1401 seeundum
691 1344 835 1401 naturam
855 1338 1031 1402 differentes
1045 1340 1086 1402 ab
1101 1339 1243 1418 invicem,

87 1448 120 1505 et
131 1440 379 1526 magnitudinem
389 1439 580 1525 complentes
591 1439 707 1517 Patris,
719 1439 978 1525 quemadmodum
986 1439 1076 1525 digiti
1088 1440 1245 1526 complent

87 1564 224 1608 manum.
271 1543 305 1607 Si
324 1542 420 1629 igitur
442 1542 540 1606 Pater
558 1541 591 1605 in
610 1541 754 1627 passione
773 1548 807 1605 et
826 1540 1013 1627 ignorantia,
1037 1549 1071 1605 et
1092 1541 1115 1605 ii
1137 1542 1245 1628 utique

88 1645 206 1731 quiex
225 1667 263 1710 eo
285 1644 425 1732 generati
448 1652 533 1722 sunt,
559 1644 692 1708 AEones.
738 1643 774 1708 Si
796 1651 903 1708 autem
927 1642 1058 1728 impium
1080 1652 1130 1708 est
1156 1643 1246 1708 Patri

88 1748 227 1812 omnium
239 1748 446 1834 ignorantiam
461 1755 494 1812 et
508 1747 683 1833 passionem
697 1747 856 1832 affingere,
871 1746 1026 1831 quomodo
1040 1746 1081 1811 ab
1101 1767 1139 1810 eo
1153 1746 1246 1811 emis·

88 1872 160 1915 sum
173 1851 281 1916 dieunt
293 1852 434 1916 AEonem
448 1849 637 1936 passibilem,
658 1852 711 1913 let
732 1849 793 1913 hoe
815 1848 874 1934 ipsi
890 1847 1016 1933 Sopbiae
1038 1847 1100 1914 Dei
1114 1849 1246 1914 eandem

88 1952 281 2039 impietatem
303 1953 498 2039 affingentes,
513 1952 701 2037 semetipsos
714 1951 878 2037 religiosos
891 1973 961 2017 esse
975 1953 1103 2018 dicenti

156 2059 188 2121 2.
233 2055 267 2119 Si
282 2062 388 2120 autem
401 2054 576 2141 ‘quomodo
595 2076 616 2118 a
636 2053 702 2119 sole
724 2054 838 2129 radios,
854 2054 981 2118 AEonas
1002 2053 1141 2139 ipsorum
1155 2055 1247 2120 emis·

90 2158 195 2223 aiones
215 2157 362 2222 habuisse
380 2157 495 2235 disent,
519 2156 660 2243 ejusdem
681 2155 866 2221 substantiae
891 2162 925 2220 et
948 2156 987 2220 de
1006 2156 1116 2221 eodem
1139 2177 1248 2222 omnes

91 2282 163 2325 cum
186 2259 261 2336 sint,
282 2267 337 2324 aut
360 2280 469 2324 omnes
488 2280 621 2344 oapaoes
642 2256 798 2344 passionis
820 2264 914 2321 erunt
930 2278 1003 2322 oum
1025 2278 1063 2322 eo
1089 2257 1142 2342 qui
1162 2256 1249 2342 ipsos

92 2361 206 2438 emisit,
231 2368 286 2425 aut
310 2383 418 2426 ornnes
440 2360 646 2446 impassibiles
671 2360 923 2446 perseverabunt.
978 2359 1051 2424 Non
1077 2359 1161 2424 enim
1180 2362 1248 2446 jam

92 2464 243 2550 quosdam
267 2463 481 2550 impassibiles,
496 2464 654 2549 quosdam
671 2471 778 2528 autem
798 2462 961 2547 passibiles
981 2471 1112 2548 possunt
1131 2485 1171 2527 ex
1192 2463 1249 2529 tali

92 2565 258 2630 emissione
287 2565 436 2630 confiteri.
484 2564 518 2628 Si
547 2564 642 2650 igitur
671 2584 780 2628 omnes
808 2563 1014 2649 impassibiles
1042 2564 1160 2642 dieunt,
1190 2564 1250 2650 ipsi

92 2689 185 2732 suum
202 2674 421 2753 argumentum
439 2666 623 2731 dissolvunt.
667 2666 831 2747 Quomodo
849 2666 933 2730 enim
954 2687 1066 2752 passus
1084 2675 1133 2732 est
1149 2667 1251 2732 minor

94 2771 196 2847 AEon,
219 2769 247 2833 si
269 2789 377 2834 omnes
390 2776 481 2833 erant
494 2768 719 2853 impassibiles?
763 2768 797 2833 Si
811 2778 917 2833 autem
932 2790 1041 2833 omnes
1054 2768 1163 2834 dieunt
1181 2791 1251 2856 par-

94 2870 241 2955 ticipasse
255 2870 407 2956 passionis
422 2871 525 2956 hujus,
545 2870 807 2956 quemadmodum
829 2870 976 2956 ³quidam
998 2871 1116 2934 audent
1137 2871 1249 2949 dicere,

95 2972 168 3059 quia
181 2994 202 3036 a
218 2972 307 3058 Logo
324 2971 450 3058 quidem
469 2971 575 3057 erepit,
598 2971 747 3036 derivatio
769 2980 875 3036 autem
896 2972 929 3034 in
953 2971 1113 3055 Sophiam,
1134 2971 1167 3034 in
1190 2971 1251 3035 Lo·

94 3097 171 3160 gum
193 3075 287 3160 hujus
307 3074 403 3139 ⁴Nun
419 3073 601 3159 Propatoris
614 3074 792 3159 passionem
814 3080 996 3138 revocantes
1016 3080 1196 3158 arguentur,
1219 3082 1253 3138 et

97 3175 173 3239 Nun
195 3175 379 3261 Propatoris
400 3182 434 3240 et
457 3175 560 3260 ipsum
582 3175 711 3239 Patrem
732 3175 765 3238 in
784 3174 930 3259 passione
945 3173 1040 3238 fuisse
1055 3173 1252 3238 confitentes.

96 3276 171 3341 Non
196 3276 280 3340 enim
303 3283 341 3340 ut
363 3275 570 3361 compositum
595 3275 711 3340 animal
736 3276 885 3360 quiddam
908 3282 958 3339 est
983 3273 1124 3338 omnium
1143 3273 1252 3352 Pater,

95 3385 211 3463 praeter
225 3376 309 3457 Nun,
332 3378 591 3462 quemadmodum
606 3377 886 3463 praeostendimus;
907 3377 982 3442 ⁶sed
1004 3375 1073 3441 Nus
1090 3375 1198 3454 Pater,
1220 3384 1254 3442 et

144 3580 154 3610 ¹
173 3579 208 3628 Et
216 3579 323 3642 quidem,
335 3579 445 3628 merum
456 3579 496 3627 rel
507 3581 586 3638 reiro,
596 3579 650 3627 red·
700 3583 802 3644 particle
820 3588 840 3629 rt
859 3597 937 3630 seems
951 3586 978 3629 to
996 3581 1026 3629 be
1041 3581 1155 3645 required
1172 3581 1255 3630 before

95 3661 150 3709 derr
161 3659 277 3708 debuisset
288 3659 416 3720 interpres.
438 3659 541 3708 Garun.
700 3663 769 3722 Nun,
784 3662 866 3711 unless
885 3662 973 3710 indeed
987 3663 1016 3710 N
1016 3678 1049 3709 ua
1063 3661 1209 3724 Propotoris
1225 3664 1256 3710 be

144 3740 156 3772 ¹
172 3741 261 3789 Eodem
278 3740 339 3789 inter
356 3740 410 3789 alio
427 3739 504 3788 mnudi
521 3739 557 3788 od
574 3739 651 3788 decla·
701 3743 843 3791 eliminated
859 3759 886 3791 as
904 3759 937 3791 an
948 3743 1067 3790 insertion
1081 3743 1146 3791 from
1156 3743 1200 3791 tbe
1211 3743 1255 3791 sol·

94 3823 205 3872 roadom
216 3823 281 3870 Filii
291 3839 308 3870 o
324 3822 376 3871 Deo
386 3822 463 3870 Patre
478 3821 653 3884 pererratimiem
701 3824 793 3887 leving
807 3824 863 3872 lino.
898 3824 951 3871 The
962 3822 1054 3871 AEonio
1070 3823 1180 3872 disorder
1191 3840 1255 3872 eom·

95 3919 155 3953 resur
165 3912 197 3952 eat
211 3903 376 3951 Tertullianus
387 3903 429 3951 lib.
442 3908 526 3951 contra
537 3901 654 3949 Praxean
701 3906 803 3953 menoed
823 3906 848 3953 ἐν
867 3906 916 3953 τοῖς
936 3905 990 3966 rrpl
1012 3906 1053 3953 τὸν
1071 3905 1134 3954 Νοῦν
1154 3906 1194 3954 sul
1213 3907 1257 3964 τὴν

95 4003 150 4050 cap.
164 3988 187 4035 8.
206 3986 309 4036 Gnasn.
345 3985 398 4034 But
409 3984 469 4034 such
485 3983 654 4032 illustratione
699 3987 836 4046 Ἀλήθειαν,
851 4003 874 4050 p.
887 4001 924 4044 14.

96 4085 138 4118 are
155 4068 190 4116 all
206 4068 236 4116 of
248 4068 316 4116 them
332 4083 400 4116 more
411 4083 440 4115 or
455 4068 503 4116 less
518 4066 653 4129 objection-
751 4069 828 4117 ⁵Nee
845 4069 913 4118 Deua
930 4068 973 4130 qui
990 4068 1136 4131 iutelliyitur
1146 4085 1163 4116 a
1179 4068 1254 4128 nobb,

97 4149 166 4209 able;
178 4150 217 4198 sor
227 4165 274 4197 one
280 4147 330 4196 and
337 4148 377 4207 all,
389 4149 449 4211 they
456 4147 554 4195 involve
563 4163 579 4195 a
587 4162 655 4210 sepa·
702 4151 753 4198 alio
764 4151 834 4198 ruodo
845 4149 949 4212 intelligi
959 4157 1039 4212 potest,
1048 4149 1097 4196 nbi
1105 4163 1170 4195 mens
1179 4148 1258 4196 soluta

96 4231 178 4279 ration
201 4231 280 4278 either
302 4230 328 4277 in
346 4229 407 4277 time
427 4244 455 4276 or
474 4243 547 4291 spaos
565 4227 594 4274 os
611 4227 655 4274 the
703 4231 821 4294 quadam,
836 4229 1258 4292 etlibera,eepreyutoahomnicon-

97 4313 198 4362 derived
208 4313 341 4361 substance
350 4311 415 4359 from
426 4311 470 4359 the
476 4309 590 4372 original.
610 4309 656 4357 See
702 4313 802 4362 cretione
814 4313 916 4372 rrwrtoli,
927 4312 1009 4360 amaia
1018 4311 1146 4359 sentiemet
1157 4326 1257 4360 meme.

99 4395 165 4444 Hist.
179 4394 232 4443 aad
244 4394 324 4443 theol.
338 4393 368 4455 of
383 4391 474 4451 Oreedr,
489 4409 514 4456 p.
527 4405 578 4452 140.
704 4394 934 4453 C1c.deN.Deor.4.
959 4393 1012 4440 The
1023 4391 1171 4455 philosophy
1180 4392 1208 4439 ol
1215 4392 1259 4440 the

147 4475 159 4507 ⁸
177 4475 223 4523 See
234 4492 259 4539 p.
276 4473 313 4534 16,
328 4491 353 4524 n.
369 4487 398 4535 5;
419 4485 456 4534 17,
469 4489 494 4522 n.
505 4487 526 4520 a.
703 4472 816 4519 anoients
828 4487 888 4534 very
899 4469 1025 4533 generally
1037 4468 1144 4516 exhibite
1155 4485 1171 4516 a
1185 4469 1263 4518 belief

148 4556 267 4618 ‘Hujus
287 4557 384 4615 reuirat,
406 4556 434 4603 rb
454 4555 530 4603 πάθος
548 4568 580 4602 ac.
604 4553 657 4600 The
703 4545 1258 4610 inoneSuprsmeIncorporealDivineBeing,

201 4661 276 4707 von.
295 4661 316 4707 1.
1116 4634 1159 4696 20
