2954 4986
231 317 297 381 366
521 328 598 381 uos
625 327 823 381 nmnarrm
847 325 1076 379 artmannus.

93 513 147 552 rra
157 512 188 550 u
232 484 480 572 septenationem
508 482 654 561 videret),
684 483 740 547 sed
769 481 957 567 reciperetur
982 481 1117 545 fortasse
1146 480 1196 547 vel
1224 503 1323 567 usque
1347 484 1383 549 ad

77 560 205 645 eiii1¹¹
234 591 443 666 medietatem,
459 589 490 653 id
505 588 607 653 estad
625 586 945 664 lllatren1‚utiabea
966 586 1101 651 disceret
1122 608 1194 704 quae
1218 595 1292 651 sunt
1311 587 1385 653 intra

83 654 203 743 Rufi-¹¹⁸
236 696 389 761 Pleroma.
427 696 557 759 Poterat
572 693 654 758 enim
671 692 723 779 qui
739 701 787 756 est
802 691 1076 778 intushomoejus‚
1093 692 1146 776 qui
1163 701 1195 756 et
1211 691 1387 778 loquebatur

100 779 219 786 —
235 805 266 867 in
278 827 326 881 eo,
339 801 672 877 invisibilisexsistens,
685 799 943 886 quemadmodum
954 798 1072 876 dicunt,
1083 820 1147 862 non
1159 806 1333 862 tanturn
1298 821 1387 884 usque

234 908 275 972 ad
290 907 416 971 tertium
432 905 556 980 melum,
571 904 627 967 sed
638 906 680 967 ¹et
694 925 791 987 usque
805 903 846 966 ad
864 902 1000 966 Matrem
1015 901 1137 965 illorum
1150 903 1320 988 pervenire.
1357 903 1388 968 Si

235 1010 319 1074 enirn
345 1032 390 1085 se,
415 1009 474 1072 hoc
503 1017 552 1071 est
581 1007 718 1092 ipsorum
747 1006 914 1083 hominem,
940 1006 1048 1069 statim
1075 1006 1260 1092 supergredi
1288 1006 1389 1071 dicunt

237 1113 451 1199 Demiurgum,
468 1120 500 1176 ot
521 1111 607 1175 abire
627 1110 668 1174 ad
691 1111 839 1188 Matrem,
860 1109 958 1173 multo
978 1110 1078 1196 magis
1098 1111 1208 1197 utique
1228 1111 1389 1198 ²Apostoli

235 1218 352 1281 homini
368 1219 427 1281 hoc
441 1216 612 1282 evenisset:
628 1238 687 1279 nec
702 1214 783 1278 enim
798 1214 1005 1299 prohibuisset
1017 1214 1103 1277 illum
1113 1215 1317 1302 Demiurgus,
1328 1219 1389 1303 jam

236 1330 269 1387 et
284 1323 349 1408 ipse
364 1323 525 1407 subjectus
541 1320 704 1397 Salvatori‚
720 1327 756 1383 ut
778 1319 896 1384 dicunt.
941 1318 974 1383 Si
996 1328 1103 1383 autem
1120 1327 1154 1383 et
1174 1321 1389 1406 prohibuisset,

236 1425 313 1490 nihil
332 1426 531 1512 profecisset3
564 1446 626 1488 non
645 1424 728 1487 enirn
750 1423 896 1508 possibile
915 1430 964 1487 eet
981 1446 1052 1487 enm
1070 1424 1178 1489 Patris
1199 1427 1389 1510 providentia

235 1529 395 1592 fortiorem
419 1550 498 1605 esse,
526 1531 573 1590 ³ot
602 1526 670 1590 haec
696 1547 768 1590 cum
793 1524 921 1589 interior
947 1525 1040 1589 homo
1065 1525 1232 1592 invisibilis
1257 1529 1352 1593 etiam
1372 1552 1390 1594 a

238 1630 411 1715 Demiurgo
426 1651 494 1694 esse
510 1629 640 1693 dicatur.
666 1627 820 1708 Quoniam
835 1635 940 1691 autem
956 1626 1006 1691 ille
1015 1626 1098 1691 velut
1112 1649 1266 1716 magnum
1280 1631 1390 1718 aliquid

237 1742 270 1798 et
285 1734 476 1819 praeclarum,
492 1755 561 1797 earn
576 1753 646 1816 quac
662 1732 720 1794 luit
735 1752 833 1817 usque
847 1731 888 1794 ad
899 1730 1026 1794 tertium
1038 1732 1154 1795 coelnm
1168 1735 1390 1798 assumtionem

237 1838 401 1915 enarravit,
418 1860 480 1901 non
495 1837 601 1922 utique
616 1835 668 1898 isti
684 1857 777 1921 super
794 1836 961 1920 septimum
979 1836 1093 1901 coelnm
1113 1838 1311 1902 ascendunt:
1334 1860 1391 1902 non

237 1942 322 2006 enim
345 1950 419 2006 sunt
441 1941 585 2005 meliores
603 1939 770 2024 Apostolo.
818 1939 871 2003 ⁴Si
896 1940 1015 2025 seipsos
1035 1939 1141 2004 dicant
1161 1941 1390 2015 differentiores,

239 2048 434 2133 exoperibus
448 2054 635 2131 arguentur:
658 2043 734 2106 nihil
749 2042 831 2107 enim
846 2045 887 2107 ab
902 2043 962 2107 illis
975 2043 1037 2107 tale
1048 2043 1231 2129 jactitatum
1247 2055 1306 2110 est.
1351 2045 1391 2110 Et
1400 2057 1441 2095 Μ

239 2157 365 2233 propter
380 2148 439 2212 hoc
454 2148 585 2232 adjecit:
603 2146 677 2210 Sica
691 2147 725 2209 in
741 2169 872 2232 corpore,
888 2147 951 2211 sice
966 2156 1053 2211 entra
1069 2169 1188 2233 corp-ns,
1204 2149 1306 2213 ⁶Deas
1319 2150 1389 2214 scit:

240 2252 304 2315 ⁶uti
317 2274 416 2338 neque
428 2273 540 2335 eorpus
554 2274 616 2316 non
627 2251 783 2338 particeps
798 2259 958 2335 putaretur
972 2271 1040 2314 esse
1052 2249 1179 2315 visionis
1194 2254 1273 2338 ejus,
1283 2254 1391 2339 quippe

241 2355 327 2442 quasi
340 2364 372 2418 et
387 2355 488 2439 ipsum
504 2356 759 2441 participaturum
770 2375 876 2417 eorum
888 2375 957 2439 quae
967 2353 1103 2430 vidisset,
1119 2362 1150 2417 et
1166 2355 1320 2420 audisset:
1337 2379 1390 2422 nec

240 2480 348 2523 rursus
369 2464 496 2543 propter
516 2459 638 2543 pondus
660 2456 798 2543 corporis
813 2455 895 2520 dicat
911 2455 981 2541 quis
1001 2477 1072 2520 eum
1091 2457 1228 2542 amplius
1242 2482 1305 2523 non
1327 2482 1390 2525 csse

241 2570 424 2636 assnnrtunr,
448 2561 503 2624 sed
526 2562 595 2626 ideo
618 2583 716 2646 usque
738 2560 809 2623 illuc
836 2559 1033 2645 permittatur
1056 2558 1151 2623 etiam
1176 2561 1246 2625 sine
1268 2584 1390 2647 corpore

241 2666 454 2727 ⁷sacramenta
475 2665 650 2748 perspicere
671 2663 832 2750 spiritalia,
849 2685 918 2748 quae
941 2673 1015 2728 sunt
1031 2663 1092 2729 Dei
1110 2666 1319 2750 operationes,
1341 2667 1390 2752 qui

241 2765 314 2830 lecit
329 2765 426 2829 coelos
440 2773 472 2830 et
486 2777 612 2846 terram,
627 2775 660 2832 et
674 2765 837 2852 plasmavit
848 2765 1015 2845 hominem,
1031 2776 1064 2832 et
1078 2769 1183 2854 posuit
1198 2769 1229 2833 in
1242 2771 1389 2857 paradiso,

290 3011 299 3043 ¹
317 3020 337 3061 rt
348 3013 369 3061 is
382 3012 462 3061 added
478 3013 540 3062 from
558 3015 601 3063 the
615 3015 713 3064 Canuti.
732 3014 790 3065 MS.
843 3015 948 3065 ἅπτεται
963 3016 1066 3078 πάντων,
1080 3019 1108 3067 τὸ
1123 3020 1150 3068 δὲ
1164 3021 1270 3083 καθαρὸν
1280 3023 1320 3071 rel
1335 3022 1390 3070 dode

240 3096 365 3160 aegiving
376 3095 442 3144 force
453 3102 480 3144 to
492 3098 534 3145 the
546 3098 629 3146 Greek
640 3098 722 3159 idiom,
739 3114 759 3146 e.
766 3114 790 3161 g.
842 3117 919 3157 μανον
941 3101 1075 3160 ἀσωμάτων
1096 3105 1172 3163 φασὶν
1195 3106 1324 3165 ἅπτεσθαι,
1348 3108 1391 3154 elev

241 3180 269 3225 οὐ
279 3179 473 3234 advov....dltltd
485 3181 524 3226 nal
536 3180 578 3229 ἕως
589 3181 632 3238 τῆς
642 3197 667 3238 μ
843 3182 965 3241 δαιμόνων,
991 3183 1106 3244 ἀγγέλων
1123 3186 1167 3243 τῆς
1185 3188 1306 3249 πονηρίας,
1323 3189 1392 3236 arbori

289 3258 525 3321 'Aproatolr'lromr'ui
550 3261 791 3326 Inllouofeupply-
843 3265 1019 3325 τοῦδιαβόλου.
1038 3266 1103 3325 ἕὸι,
1138 3265 1240 3330 (Referu
1251 3274 1280 3317 to
1290 3285 1315 3333 p.
1329 3268 1391 3332 361.)

240 3341 284 3405 ing
297 3341 415 3402 interiori,
431 3359 458 3391 as
475 3343 578 3403 Gitana,
597 3343 726 3391 Massuz't·
742 3343 792 3391 and
891 3343 971 3393 ‘The
986 3345 1086 3397 Consu.
1104 3347 1162 3398 MS.
1176 3348 1222 3397 hae
1237 3349 1304 3398 Licet
1319 3358 1390 3399 und·

241 3422 474 3487 Sutunsupropono,
486 3441 522 3473 we
531 3426 611 3488 might
623 3426 681 3474 read
692 3426 790 3488 Aposto-
842 3424 913 3489 iprae.
943 3428 1123 3490 Differentiam
1141 3430 1229 3481 Gracc
1253 3434 1391 3495 flacopert-

240 3502 301 3558 tica·
313 3504 359 3551 but
370 3520 386 3552 a
396 3504 461 3567 good
469 3521 540 3553 senec
552 3506 572 3553 ia
584 3514 611 3553 to
622 3506 653 3554 be
664 3506 791 3555 extracted
841 3526 901 3570 ρους.
921 3526 945 3573 p.
956 3522 1010 3576 279.
1024 3528 1049 3562 n.
1060 3524 1084 3573 5.

239 3583 302 3632 from
316 3584 359 3633 the
376 3585 455 3634 words
468 3602 496 3634 aa
510 3588 569 3650 they
584 3588 665 3647 stand,
684 3589 792 3651 viening
891 3591 972 3641 lThe
993 3598 1048 3643 text
1074 3595 1094 3643 is
1120 3597 1214 3660 quoted
1238 3597 1388 3662 defectively.

239 3667 308 3714 them
326 3666 351 3714 in
366 3667 506 3732 apposition
521 3669 582 3716 un'th
595 3668 704 3730 ipsorum
715 3669 791 3717 honri·
842 3672 895 3721 The
904 3673 945 3724 Gr.
954 3675 999 3723 has
1009 3678 1050 3724 οὐκ
1061 3678 1114 3724 olba
1122 3678 1203 3739 twice,
1212 3680 1256 3728 the
1263 3681 1317 3742 Syr.
1326 3696 1388 3728 once.

238 3764 299 3807 narn,
319 3749 382 3797 tltcir
403 3766 455 3798 orca
471 3749 565 3798 hermon
584 3758 677 3811 natum,
697 3752 792 3816 having
842 3754 900 3803 Noa
917 3756 937 3805 ie
953 3757 1065 3806 retained
1081 3758 1163 3807 before
1176 3761 1308 3823 particeps,
1320 3778 1347 3809 as
1357 3762 1390 3809 iu·

238 3845 265 3878 es
287 3832 320 3878 its
343 3833 486 3881 eorrehvtive
508 3851 542 3881 aa
564 3833 677 3896 Aportlc'e
698 3833 792 3882 haaren
843 3838 925 3887 serted
936 3839 1389 3903 byGnasaontbesaithofAnunu.

238 3920 341 3968 auterre,-
358 3914 456 3977 cs.eup.
470 3915 775 3979 quicrtr'ntnolromecjna.
842 3920 979 3970 andVoes
990 3922 1040 3970 and
1052 3924 1151 3972 curru.
1163 3924 1240 3974 MSS.
1267 3926 1392 3975 brumum

287 3994 298 4027 ³
316 3996 350 4043 Et
366 3996 418 4043 trac
432 4000 512 4043 (intro
526 3998 574 4046 ritu
592 3998 655 4045 dirit
669 3998 792 4062 interpret
842 4002 929 4066 rejects
947 4004 989 4052 the
1005 4006 1135 4068 negative;
1152 4006 1199 4054 but
1216 4024 1284 4070 upon
1302 4006 1392 4055 critical

234 4093 289 4140 pro,
299 4078 381 4142 idque.
394 4078 466 4127 llum.
493 4082 516 4127 A
525 4080 669 4130 distinction
678 4083 698 4130 is
705 4082 790 4130 drawn
842 4086 980 4150 principles,
999 4087 1042 4135 t-lre
1058 4088 1128 4136 three
1144 4089 1267 4137 excellent
1280 4090 1355 4138 MSS.
1368 4090 1391 4136 in

237 4158 262 4206 iu
276 4160 317 4207 the
332 4160 431 4207 Ilidnrr.
447 4160 488 4210 Or.
502 4161 613 4210 lnetween
626 4164 668 4211 tho
676 4164 790 4212 material
842 4166 922 4215 which
940 4168 959 4214 it
975 4168 995 4215 is
1012 4167 1090 4215 found
1103 4168 1192 4216 should
1208 4170 1239 4217 be
1255 4171 1392 4218 conclusive

237 4242 282 4289 firc
303 4243 360 4291 that
382 4243 431 4291 will
457 4259 574 4292 consumo
597 4246 640 4293 the
663 4246 739 4293 world
765 4247 794 4294 of
841 4249 922 4298 sorite
934 4252 1065 4300 retention.

238 4330 336 4383 matter,
350 4325 399 4373 and
411 4325 453 4373 the
468 4341 536 4373 more
548 4326 629 4374 eulrtle
640 4326 690 4374 and
703 4328 788 4376 imma·
890 4329 901 4359 ⁰
921 4330 960 4379 t'n‘
978 4348 1089 4394 usqne...
1099 4332 1215 4395 amplius,
1237 4337 1291 4385 οὐδὲ
1308 4336 1346 4383 tro
1365 4335 1391 4383 rb

237 4406 308 4454 terlal
330 4407 480 4455 instrument
502 4408 531 4454 of
549 4407 637 4467 wrath,
657 4409 713 4456 that
732 4426 788 4457 eon·
841 4414 912 4471 σῶμα
931 4416 958 4461 οὐ
980 4416 1189 4465 κοινωνόν...οι’ὖὲ
1207 4419 1390 4477 πάλιν...μᾶ-ὶ·

236 4488 337 4536 stitutcs
352 4491 395 4537 tho
410 4490 570 4552 punishment
586 4490 615 4537 of
631 4491 679 4538 cvil
695 4492 785 4554 spirits.
840 4499 891 4545 λον.

238 4571 285 4619 Τοῦ
308 4574 379 4634 πυρὸς
400 4575 429 4622 τὸ
450 4576 494 4631 μὲν
515 4578 650 4634 σωματικὸν
671 4577 790 4634 σωμάτων
888 4576 1081 4639 ⁷Sdcnamentn,
1099 4581 1228 4641 μυστήρια.
