2954 4986
240 330 304 394 100
692 341 951 393 ranunculus,

83 534 135 618 pp.
142 533 191 616 ii'
198 535 218 618 ¹r
241 503 516 601 προβεβλῆσθαι,
529 504 563 584 ῆς
574 500 618 573 τὸ
631 503 690 586 μέν
702 533 736 574 τι
753 501 897 600 Πατέρα
913 497 1075 601 ὀνομάζει,
1090 497 1134 570 τό
1154 496 1190 569 di
1200 497 1393 581 Ἀλήθειαν.
1407 521 1458 556 nu.

75 627 227 712 Q
238 614 304 685 Ἐκ
324 612 359 684 δέ
378 623 436 696 τῆς
453 612 616 714 τετράδος
634 616 756 696 ταύτης
773 616 1068 713 καρποφορεῖσθαι
1083 609 1206 703 Λόγον
1221 607 1278 681 καὶ
1293 611 1392 692 Ζωῆν,

233 725 438 826 Ἄνθρωπον
456 727 509 797 καὶ
526 727 742 808 Ἐκκλησίαν·
773 725 853 796 εἶναι’
871 758 911 797 τε
932 725 1055 806 ταύτην
1074 720 1224 815 όγθοάθα
1249 727 1392 822 πρώτην.

240 839 311 909 Καὶ
338 838 407 910 άπὸ
430 836 489 924 μέν
512 845 575 910 τοῦ
601 838 724 931 Λόγου
747 837 801 909 καὶ
827 846 885 920 τῆς
911 837 999 919 Ζωῆς
1023 834 1097 907 δέκα
1125 833 1271 919 δυνάμεις
1300 837 1391 926 λέγει

240 953 515 1050 προβεβλῆσθαι,
545 951 648 1028 καθὼς
677 944 925 1050 προειρήκαμεν·
964 946 1033 1019 άπὸ
1056 947 1091 1018 δὲ
1113 954 1176 1019 τοῦ
1192 948 1394 1046 Ἀνθρώπου

239 1063 293 1134 καὶ
311 1072 369 1146 τῆς
389 1064 588 1146 Ἐκκλησῖας
611 1062 740 1147 deridere,
758 1063 800 1134 ὦν
817 1063 895 1147 μίαν
911 1061 1116 1132 ἀποστᾶσαν
1132 1062 1186 1131 καὶ
1208 1064 1393 1158 ὑστερῆσα-
1405 1083 1463 1121 Μ

241 1207 314 1259 σαν,
347 1177 407 1258 τῆν
437 1177 558 1258 λοιπῆν
588 1176 823 1274 πραγματείαν
855 1177 1069 1256 πεποιῆσθαι.
1112 1171 1240 1272 Ὅρους
1269 1205 1309 1245 τε
1339 1171 1392 1243 θάο

240 1288 392 1370 ὑπέθετο,
419 1288 472 1357 ένα
501 1286 560 1370 μέν
584 1285 713 1381 μεταξὺ
735 1293 798 1359 τοῦ
821 1287 934 1358 Βυθοῦ
949 1285 1003 1356 καὶ
1026 1291 1089 1358 τοῦ
1107 1291 1231 1356 λοιποῦ
1249 1284 1393 1384 Πληρώ-

239 1429 356 1483 ματος,
375 1397 567 1500 διορίζοντα
593 1399 669 1476 τοὺς
697 1399 869 1491 γεννητοὺς
893 1397 1022 1474 Αἷῶνας
1040 1396 1108 1468 άπὸ
1128 1404 1192 1470 τοῦ
1211 1398 1393 1488 άγεννῆτου

241 1510 393 1610 Πατρός·
445 1513 560 1610 ἕτερον
596 1510 631 1582 δέ
670 1509 732 1583 τόν
767 1509 980 1612 άφορέζοντα
1019 1511 1107 1599 αὐτῷ
1150 1504 1297 1616 [αὐτῶν]
1334 1511 1393 1592 τῆν

238 1625 367 1722 μητέρα
385 1622 454 1695 ἀπὸ
472 1631 535 1695 τοῦ
551 1624 797 1724 Πληράματος.
826 1623 897 1693 Kal
923 1621 984 1694 τὸν
1008 1621 1165 1720 Χριστόν
1183 1621 1218 1692 δὲ
1239 1623 1295 1692 οὔκ
1324 1622 1392 1692 άπὸ

239 1739 306 1807 τῶν
324 1736 356 1805 έν
382 1739 431 1826 τῷ
450 1718 660 1836 Πληρόμαπι
677 1734 811 1807 Αἱάνων
833 1737 1106 1835 προβεβλῆσθαι,
1135 1732 1226 1805 ἄλλά
1244 1732 1310 1804 ὑπὸ
1335 1743 1393 1817 τῆς

239 1846 374 1946 μητρὸς,
389 1846 451 1942 ἔξω
464 1844 603 1953 ¹[auppl.
616 1843 670 1952 di]
687 1848 867 1940 γενομένης,
885 1845 971 1919 κατὰ
987 1848 1047 1930 τῆν
1064 1849 1193 1938 γνώμην
1205 1853 1274 1918 τῶν
1285 1879 1394 1946 κρειτ-

239 1961 345 2031 τόνων
367 1961 608 2042 άποκεκυῆσθαι
630 1958 717 2041 μετά
744 1964 837 2036 σκιᾶς
864 1991 964 2036 τινος.
1008 1959 1077 2029 Καὶ
1100 1965 1223 2032 τοῦτον
1242 1957 1310 2043 μέν,
1332 1959 1393 2029 άτε

240 2069 359 2169 άῤῥενα
379 2069 586 2171 ὑπάρχοντα,
606 2071 836 2167 άποκόψανπα
861 2072 922 2170 ἀφ’
949 2073 1068 2144 ἑαυτοῦ
1094 2072 1154 2153 τῆν
1180 2068 1284 2154 σκιάν,
1317 2072 1394 2143 άνα-

241 2181 373 2283 θραμεῖν
393 2187 436 2261 εἷς
454 2183 497 2257 τά
514 2185 698 2283 Πλῆρωμα.
739 2185 810 2268 Τῆν
830 2182 865 2254 δέ
882 2185 1011 2282 μητέρα
1025 2187 1289 2282 ὖπολειφθεῖσαν
1305 2183 1393 2267 μετά

240 2304 297 2379 τῆς
313 2299 416 2381 σκιᾶς,
439 2296 646 2380 κεκονιαμένην
667 2329 707 2369 τε
723 2304 781 2380 τῆς
798 2304 1012 2379 πνευματικῆς
1034 2293 1260 2380 ὑποστάσεως,
1278 2298 1393 2394 ἕτερον

184 2538 192 2549 .
240 2457 405 2538 dualitate,
432 2461 601 2524 secundam
625 2460 814 2525 dualitatem
844 2459 1000 2533 emissam,
1027 2460 1116 2546 cujus
1144 2459 1231 2524 aliud
1264 2461 1393 2547 quidem

176 2548 180 2557 ¹
242 2556 374 2622 Patrem
395 2565 497 2638 vocat,
514 2559 599 2624 aliud
623 2567 731 2625 autem
748 2559 940 2624 Aletheiam.
995 2559 1048 2624 Ex
1063 2560 1124 2624 hac
1140 2567 1248 2624 autem
1266 2569 1393 2646 qnater-

240 2656 371 2722 natione
397 2657 582 2723 fructificari
613 2658 724 2745 Logon
747 2667 781 2725 et
807 2659 905 2734 Zoen,
930 2659 1124 2744 Anthropon
1149 2666 1183 2725 et
1206 2658 1391 2727 Ecclesiam.

242 2754 322 2820 Esse
338 2764 446 2822 autem
462 2757 545 2822 hano
562 2758 798 2823 octonationem
815 2758 959 2844 primam.
1012 2758 1057 2823 Et
1074 2781 1095 2823 a
1109 2758 1198 2845 Logo
1213 2759 1343 2844 quidem
1359 2770 1393 2825 et

242 2854 308 2919 Zoe
332 2855 441 2921 decem
466 2856 601 2922 virtutes
623 2858 701 2923 dicit
726 2859 864 2932 emissas,
882 2859 964 2924 sicut
989 2858 1200 2944 praediximus.
1249 2858 1306 2924 Ab
1325 2860 1393 2923 Au-

241 2954 358 3041 thropo
377 2962 485 3021 autem
509 2964 543 3022 et
559 2956 701 3022 Ecclesia
718 2981 772 3022 κει.
796 2980 836 3022 ex
860 2957 974 3043 quibus
996 2979 1092 3022 unam
1118 2957 1336 3023 discedentem
1359 2972 1393 3025 et

241 3054 440 3132 destitutam,
468 3056 623 3142 reliquam
654 3055 891 3143 dispositionem
918 3057 1036 3122 fecisse.
1089 3057 1258 3122 Terminos
1283 3069 1392 3124 autem

240 3155 319 3220 duos
336 3155 486 3222 adhibet:
509 3178 607 3220 unum
622 3156 749 3242 quidem
766 3157 852 3221 iuter
868 3156 1011 3242 Bythum
1026 3164 1061 3222 et
1082 3157 1199 3243 [suppl.
1217 3157 1389 3244 reliquum]

240 3253 399 3330 Pleroma,
411 3256 678 3321 determinantem
693 3264 787 3321 natos
797 3257 918 3321 AEoues
930 3256 971 3320 ab
986 3255 1104 3321 infecto
1118 3256 1233 3330 Patre;
1254 3257 1392 3322 alterum

238 3373 313 3416 vero
337 3361 539 3438 separantem
561 3354 686 3418 illorum
708 3364 844 3421 matrem
869 3378 890 3420 a
913 3355 1104 3422 Pleromate.
1152 3355 1198 3420 Et
1227 3355 1391 3422 Christum

238 3460 346 3516 autem
364 3473 429 3515 nou
440 3453 482 3516 ab
495 3451 544 3516 his
561 3452 703 3537 quisunt
720 3452 752 3517 in
767 3449 950 3521 Pleromate
962 3455 1119 3520 AEonibus
1132 3454 1290 3529 emissum.
1302 3457 1358 3520 sed
1372 3480 1392 3521 a

237 3549 356 3614 matre¹
374 3548 451 3615 loris
468 3558 575 3616 autem
590 3552 675 3617 lacta
689 3555 861 3619 secundum
875 3554 1076 3619 lmemoriam
1088 3554 1253 3619 meliorum
1264 3555 1389 3620 enixam

238 3647 399 3737 [enixum]
418 3672 485 3715 esse
506 3673 577 3715 cum
602 3652 739 3738 quadam
760 3655 884 3720 umbra.
937 3653 983 3719 Et
1008 3654 1091 3719 hunc
1117 3653 1255 3740 quidem,
1274 3655 1392 3741 quippe

236 3769 309 3811 cum
322 3756 406 3814 esset
422 3751 588 3828 masculus,
603 3751 772 3817 abscidisse
782 3776 802 3818 a
814 3753 984 3839 semetipso
996 3755 1152 3825 umbram,
1167 3760 1200 3818 et
1212 3775 1391 3841 regressum

236 3844 269 3910 in
288 3847 442 3914 Pleroma.
496 3851 639 3917 Matrem
656 3861 764 3916 autem
780 3853 982 3919 subrelictam
1005 3854 1064 3917 sub
1082 3854 1204 3930 umbra,
1223 3866 1392 3919 vacuatam

237 3999 403 4059 ἀγαπώμενον.
441 4002 582 4064 Προέβαλεν
603 4005 643 4051 οῦν
665 4005 705 4052 καὶ
728 4005 791 4064 tybr-
835 4003 1157 4066 fcetu,which1rsstore;
1174 4007 1236 4054 etin
1252 4007 1295 4055 the
1311 4007 1393 4056 Gmek

236 4095 308 4138 νησεν
327 4080 398 4129 αὐτὸς
420 4082 541 4143 ὀπατῆρ,
568 4084 650 4147 ὥσπερ
668 4083 696 4143 ῆν
713 4085 789 4144 μόνος,
840 4103 899 4149 may
916 4086 979 4135 have
996 4087 1058 4135 been
1075 4087 1152 4151 easily
1168 4088 1292 4136 absorbed
1308 4089 1334 4136 in
1351 4089 1393 4136 the

237 4159 301 4209 Νοῦν
317 4163 357 4209 καὶ
369 4161 505 4222 Ἀλήθειαν,
520 4166 632 4213 τουτέστι
643 4167 725 4224 δυάδα,
739 4167 792 4225 ἥτις
841 4167 966 4231 following
977 4185 1028 4228 γει.
1051 4168 1104 4216 The
1115 4168 1218 4232 particle
1229 4170 1315 4218 marks
1327 4186 1393 4217 more

236 4242 304 4304 κυρία
316 4244 355 4290 καὶ
367 4243 432 4304 ἀρχὴ
443 4245 530 4306 γέγονε
542 4247 581 4293 καὶ
597 4248 678 4309 μήτηρ
695 4248 791 4296 πάντων
840 4249 952 4313 strongly
963 4251 1019 4298 that
1029 4250 1079 4298 this
1091 4250 1393 4309 drorrincuwaewithout

235 4325 284 4372 τῶν
301 4325 366 4374 ἐντὸς
386 4327 431 4373 τοῦ
453 4329 614 4388 πληρώματος
635 4332 791 4390 καταριθμου
839 4330 1016 4380 thePlemma.
1052 4331 1139 4381 Mane.
1153 4332 1199 4380 has
1214 4339 1316 4381 matrem
1327 4332 1394 4395 forth

234 4406 311 4463 μένων
321 4407 424 4455 Altinae.
449 4406 514 4456 Ihid.
834 4410 937 4473 suctum.
973 4412 1019 4460 See
1029 4429 1054 4475 p.
1068 4428 1108 4473 4¹·

284 4485 364 4535 ¹'l'he
384 4487 492 4536 Annum
516 4487 573 4536 MS.
599 4489 611 4535 1
639 4489 720 4548 thinlr,
746 4491 790 4539 has
888 4491 1059 4557 ’Indicating
1075 4495 1119 4542 the
1135 4494 1273 4557 preferable
1289 4496 1393 4558 reading

234 4569 365 4628 preserved
379 4570 422 4618 the
435 4573 492 4618 true
507 4570 617 4634 reading,
630 4570 698 4633 soree
711 4579 790 4620 amem
838 4574 938 4633 μνήμην.
