2954 4986
539 335 795 398 oumsrmnss.
1172 321 1240 396 aot

30 513 58 558 u.
82 491 276 579 agnitionem
290 493 430 559 veritatis
443 494 565 560 venire:
590 503 623 561 et
644 496 790 582 quoniam
806 502 841 560 tu
860 495 928 581 ipse
942 495 1145 583 postulaveris
1158 496 1239 562 acei-
1279 514 1371 601 appp

82 618 157 682 pere
183 619 203 661 a
228 597 319 662 nobis
343 599 458 664 multas
483 608 515 664 et
540 600 700 666 universas
724 600 892 666 eversionis
916 623 1024 665 eorum
1050 601 1238 667 occasiones.
1251 608 1402 694 Gfflgffss

84 700 244 781 Quaeritur
272 701 376 788 igitur,
407 704 666 788 quemadmodum
699 703 816 770 emissi.
840 712 915 769 sunt
950 705 1059 790 reliqui
1093 705 1238 769 AEonesl
1257 700 1403 786 Q

77 801 206 866 'Utrum
220 803 299 868 uniti
311 805 339 869 ei
351 805 403 890 qui
415 806 562 884 emiserit,
574 806 833 892 quemadmodum
848 807 944 871 asole
958 807 1046 885 radii,
1061 829 1103 872 an
1116 811 1125 849 ¹
1136 807 1238 872 effica-

83 904 188 969 biliter
201 914 235 970 et
248 907 409 992 partiliter,
430 908 476 972 uti
490 909 533 973 sit
546 910 756 994 unusquisque
778 930 886 974 eorum
908 910 1085 995 separatim,
1101 917 1134 974 et
1148 931 1238 975 suam

84 1009 302 1096 figurationem
315 1011 444 1090 babens,
461 1014 721 1097 quemadmodum
736 1014 776 1078 ab
791 1013 916 1077 bomine
930 1014 1033 1091 bomo,
1045 1023 1078 1079 et
1092 1015 1238 1101 apecudo

84 1115 201 1199 pecusl
244 1115 314 1178 Aut
328 1114 498 1179 secundum
518 1114 785 1202 germinationem,
801 1115 1060 1200 quemadmodum
1074 1117 1115 1180 ab
1128 1117 1239 1182 arbore

84 1216 185 1282 rami?
238 1217 284 1282 Et
304 1226 409 1282 utrum
429 1219 589 1306 'ejusdem
617 1219 800 1285 substantiae
829 1218 1022 1285 exsistebant
1046 1219 1096 1285 bis
1125 1221 1177 1305 qui
1203 1242 1240 1286 se

85 1321 265 1401 emisenmt,
280 1344 321 1386 an
336 1344 375 1386 ex
389 1322 487 1386 altera
501 1323 636 1407 quadam
649 1323 826 1387 substantia
845 1323 1053 1388 substantiam
1066 1324 1239 1390 habentes!

86 1424 132 1489 Et
146 1433 250 1489 utrum
265 1425 297 1488 in
311 1425 420 1490 eodem
434 1425 539 1490 emissi
561 1433 645 1504 sunt,
668 1433 704 1489 ut
725 1425 864 1511 ejusdem
880 1425 1029 1511 temporis
1043 1436 1148 1492 essent
1162 1425 1237 1502 sibi;

84 1550 126 1593 an
147 1530 318 1594 secuudum
340 1531 478 1595 ordinem
500 1531 665 1615 quendam,
690 1529 735 1594 ita
756 1538 792 1594 ut
812 1529 1002 1614 antiquiores
1017 1532 1142 1616 quidam
1156 1533 1239 1618 ipso·

84 1651 164 1707 rum,
180 1629 231 1692 alii
246 1651 318 1695 vero
339 1634 352 1672 ³
357 1629 533 1716 juveniores
547 1632 673 1695 essenti
717 1629 762 1694 Et
776 1638 881 1694 utrum
895 1630 1051 1716 simplices
1065 1631 1190 1716 quidam
1205 1640 1239 1697 et

84 1733 263 1811 uniformes,
284 1741 317 1798 et
338 1734 474 1818 undique
488 1733 546 1798 sibi
561 1732 698 1818 aequales
712 1741 745 1798 et
759 1733 886 1811 similes,
901 1734 1161 1818 quemadmodum
1175 1735 1240 1820 spi·

83 1836 163 1901 ritus
175 1845 208 1901 et
221 1834 339 1901 lumina
350 1836 464 1902 emissa
480 1845 568 1912 sunt;
591 1858 634 1901 au
648 1835 811 1923 compositi
826 1845 858 1902 et
869 1836 1059 1916 differentes,
1074 1837 1239 1902 dissimiles

83 1941 231 2006 membris
244 1940 329 2005 suisl

148 2047 182 2108 3.
226 2043 289 2108 Sed
314 2043 340 2108 si
371 2041 494 2128 quidem
523 2041 715 2107 efficabiliter
740 2049 773 2107 et
797 2043 969 2109 seeundum
994 2064 1083 2108 suam
1108 2043 1238 2130 genesin

83 2145 295 2231 unusquisque
318 2145 439 2210 illorum
461 2145 592 2211 emissus
616 2154 664 2210 est
688 2147 858 2211 secundum
881 2146 1041 2211 hominum
1064 2146 1238 2212 similitudi-

83 2270 177 2322 nem3
211 2247 260 2313 vel
284 2248 501 2335 generationes
527 2248 632 2312 Patris
660 2257 752 2313 erunt
781 2249 921 2335 ejusdem
949 2248 1132 2314 substantia
1154 2249 1182 2313 ei
1204 2256 1239 2314 et

83 2350 200 2416 similes
213 2351 398 2438 generatori‚
413 2351 462 2416 vel
477 2351 556 2439 ⁴[si]
581 2351 744 2415 dissimiles
759 2351 921 2437 parebunt,
937 2372 977 2415 ex
991 2351 1089 2416 altera
1103 2352 1237 2436 quadam

84 2453 259 2519 substantia
279 2453 418 2518 confiteri
439 2475 493 2518 eos
509 2452 610 2541 [esse]
633 2474 760 2518 necesse
779 2460 838 2517 est.
884 2452 974 2517 Etsi
996 2453 1119 2538 quidem
1139 2454 1238 2540 patris

82 2557 298 2644 generationes
317 2556 433 2622 similes
457 2556 607 2634 emissori,
630 2555 832 2642 impassibilia
846 2556 1085 2640 perseverabunt
1107 2578 1145 2621 ea
1166 2580 1237 2643 quae

83 2659 199 2725 emissa
223 2667 307 2737 sunt,
330 2659 588 2744 quemadmodum
615 2667 648 2724 et
673 2658 701 2724 is
724 2658 776 2743 qui
799 2657 904 2723 emisit
927 2657 996 2733 illa;
1022 2659 1049 2722 si
1069 2668 1176 2724 autem
1196 2682 1236 2725 ex

82 2761 182 2825 altera
206 2761 340 2845 quadam
357 2759 543 2838 substantia,
568 2783 638 2845 quae
662 2768 711 2825 est
732 2781 832 2846 capax
858 2759 1046 2845 passionum,
1065 2760 1146 2825 unde
1168 2762 1238 2827 baee

82 2863 240 2929 dissimilis
262 2865 438 2929 substantia
461 2863 543 2928 intra
565 2864 640 2927 illud
658 2863 742 2948 quod
759 2871 809 2928 est
829 2862 1045 2948 incormptelae
1070 2863 1237 2930 Pleroma?

83 2968 199 3031 Adhuc
216 2967 312 3032 etiam
334 2967 504 3032 secundum
525 2967 608 3030 banc
627 2966 780 3030 rationem
801 2963 1011 3049 unusquisque
1026 2987 1133 3030 eorum
1148 2988 1237 3052 sepa-

81 3071 175 3135 ratim
191 3070 305 3136 divisus
327 3072 368 3136 ab
389 3071 487 3135 altero
510 3069 708 3156 intelligetur,
727 3067 987 3152 quemadmodum
1007 3068 1157 3146 homines,
1174 3092 1237 3134 non

81 3176 250 3253 admixtus,
275 3196 332 3240 nec
357 3174 463 3239 unitus
479 3174 559 3239 alter
580 3172 688 3250 altero,
710 3171 766 3235 sed
788 3170 820 3233 in
843 3169 1027 3256 figuratione
1049 3169 1182 3236 discreta
1204 3179 1238 3237 et

82 3278 366 3363 circumscriptione
392 3277 528 3354 definita,
558 3284 591 3340 et
623 3271 846 3360 magnitudinis
879 3271 1052 3356 quantitate
1074 3273 1237 3359 unusquis·

82 3401 143 3464 que
160 3379 297 3466 ipsorum
313 3380 523 3454 deformatum
544 3400 613 3462 quae
629 3375 752 3462 propria
768 3374 906 3461 corporis
919 3380 1002 3451 sunt,
1017 3382 1050 3439 et
1064 3396 1126 3439 non
1148 3375 1237 3462 spiri-

82 3490 145 3548 tus.
181 3482 205 3546 J
206 3504 258 3546 am
269 3482 364 3570 igitur
377 3503 441 3547 non
455 3481 592 3567 spiritale
608 3479 754 3545 Pleroma
768 3499 836 3543 esse
851 3477 967 3556 dicant,
983 3498 1041 3542 neo
1052 3479 1238 3566 semetipsos

131 3720 140 3752 ¹
157 3721 300 3786 According
316 3727 343 3771 to
361 3722 456 3771 (lanan
475 3719 524 3769 and
547 3719 633 3768 Mass,
683 3730 822 3779 rupraoop.
835 3730 872 3780 19.
890 3716 1095 3780 Norinroliqnid.
1113 3719 1235 3782 diplasi-

83 3804 211 3861 ποιητικῶς
226 3805 266 3851 sol
277 3805 401 3865 μεριστῶς,
414 3803 462 3851 but
479 3802 578 3862 ἐνεργῶς
595 3801 636 3848 καὶ
683 3799 816 3860 mocnpile,
830 3798 948 3847 thranior
958 3799 1056 3862 aliquis.
1085 3801 1180 3865 Etcop.
1195 3816 1234 3864 33.

83 3886 206 3946 χωριστῶς
224 3885 305 3948 might
321 3886 352 3933 bo
370 3883 521 3949 preferablo;
537 3883 553 3933 i.
563 3899 583 3931 c.
597 3897 635 3930 ao·
685 3879 903 3938 unicordem-ior.
938 3880 1043 3930 Homini
1058 3882 1239 3935 Gracchurim

82 3965 168 4027 tnnliy,
188 3967 288 4028 ἐνεργῶς
304 3966 380 4029 being
391 3972 417 4014 to
429 3966 533 4013 δυνατῶς
547 3980 575 4011 as
590 3977 635 4011 erre
683 3961 795 4010 rcribmti
805 3960 854 4009 loo
865 3960 945 4022 facilc
959 3962 1140 4014 condonantur:
1158 3982 1235 4028 quon·

83 4046 103 4095 ig
115 4054 141 4095 ω
149 4062 224 4109 pom,
683 4058 755 4105 quom
767 4041 838 4090 dium
850 4042 919 4105 opud
928 4043 1084 4092 Columellam
1093 4046 1134 4095 lib.
1143 4062 1166 4111 9,
1181 4063 1235 4110 cup.

130 4123 142 4154 ²
166 4123 345 4187 diuitem—lis.
380 4123 432 4173 Tbe
455 4123 538 4172 Greek
560 4123 635 4186 being
684 4137 713 4174 11.
728 4125 828 4186 legatur,
843 4123 963 4174 Jrnrnius
974 4140 1079 4174 momen.
1115 4127 1235 4177 Pnunnn.

83 4206 216 4264 ὁμοούσιοι.
228 4243 234 4255 .
245 4242 250 4254 .
260 4208 316 4266 τοῖς,
337 4221 378 4269 pp.
393 4220 433 4269 49,
447 4217 487 4266 50.
524 4205 635 4252 Burrus
732 4206 808 4255 ⁴siis
817 4206 921 4256 omitted
930 4208 955 4255 in
964 4208 1007 4256 the
1016 4207 1115 4257 consu.
1125 4209 1235 4259 andAn.

83 4288 103 4336 is
111 4288 201 4352 clearly
210 4304 296 4350 wrong
303 4289 328 4335 in
336 4288 468 4350 rendering
476 4288 545 4335 those
555 4287 634 4335 words
684 4288 769 4345 MSS„
790 4289 840 4337 and
858 4290 879 4336 it
895 4289 916 4337 is
934 4295 979 4338 not
995 4290 1101 4349 wanted,
1115 4307 1141 4338 aa
1159 4291 1179 4339 it
1195 4291 1236 4340 de·

83 4372 125 4428 τῆς
137 4372 210 4428 αὐτῆς
222 4372 302 4418 οὐσίας
314 4371 371 4418 τοῖς.
683 4376 764 4434 stroys
776 4371 818 4418 the
829 4370 976 4419 alternative
988 4370 1091 4419 marked
1102 4372 1135 4436 by
1148 4373 1183 4420 erl
1190 4410 1196 4421 .
1210 4410 1215 4422 .
1228 4409 1234 4422 .

131 4449 288 4511 8Νεώτερον,
299 4449 422 4510 recemiro,
429 4448 555 4512 posterius.
567 4449 634 4498 Com-
682 4452 723 4500 mi.
753 4451 781 4498 If
800 4453 931 4511 onnoclled,
951 4460 970 4500 ct
987 4458 1055 4501 must
1077 4454 1107 4501 be
1124 4454 1239 4518 supplied

79 4531 201 4594 paratinis
219 4532 357 4580 istiusmodi
372 4548 421 4580 non
434 4547 493 4580 raro
511 4531 594 4591 mittar,
609 4537 634 4578 nt
683 4531 897 4582 belorerrnltcrn.
934 4538 984 4583 As.
998 4534 1072 4582 omits
1083 4549 1136 4585 core.
