2954 4986
397 351 489 415 QUAE
516 350 718 405 FIllBRIAM
744 350 907 406 ramula.
1154 335 1222 400 333

68 502 150 586 Quia
171 510 278 568 autem
299 503 367 570 haee
388 504 535 570 undecim
558 504 683 592 quidem
708 505 799 570 annis
824 523 917 591 poem
938 509 998 582 est,
1025 510 1058 568 et
1083 522 1147 567 non
1173 508 1222 566 est
1263 520 1353 605 crans

1257 569 1329 607 xxxiv.
1351 597 1356 606 .

65 615 189 685 sanata,
204 607 387 673 duodecimo
407 616 514 674 autem
535 631 618 674 anno
640 616 751 674 sanata
773 617 832 688 cst,
855 628 991 695 quonam
1010 606 1104 671 modo
1117 613 1222 692 potest
1249 613 1370 702 ffiffl·

66 730 136 774 esse
156 717 250 794 typus
272 710 447 775 duodecimi
471 711 601 788 AEonis,
624 710 799 797 exquibus
825 710 970 775 undecim
996 709 1123 774 omnino
1144 709 1222 773 nihil
1267 706 1326 747 ¹¹¹³·
1336 707 1353 745 ¹·

66 812 151 896 passi
171 820 257 889 sunt,
279 810 364 876 solus
385 819 491 877 autem
513 811 714 878 duodecimus
735 812 940 898 participatus
961 820 1011 877 est
1024 812 1222 897 passionem!

67 914 176 1000 Typus
189 914 273 979 enim
288 923 320 979 et
334 914 438 1003 imago
456 916 627 981 secundum
644 916 818 994 materiam,
833 924 867 981 et
885 915 1057 981 secundum
1076 916 1221 981 substan-

66 1017 144 1082 tiam
165 1017 330 1104 aliquoties
343 1041 363 1084 a
376 1019 508 1084 veritate
522 1019 662 1084 diversus
682 1028 749 1084 est:
773 1020 945 1084 secundum
958 1027 1064 1084 autem
1079 1018 1222 1083 habitum

65 1129 99 1185 et
120 1120 345 1186 lineamentum
366 1122 459 1187 debet
480 1144 603 1187 servare
623 1122 868 1199 similitudinem,
893 1130 927 1187 et
952 1121 1096 1187 similiter
1117 1129 1222 1186 osten·

65 1222 140 1288 dere
155 1244 210 1308 per
224 1224 391 1308 praesentia
405 1225 458 1289 illa
473 1248 543 1313 quae
558 1247 621 1290 non
636 1234 710 1290 sunt
724 1227 903 1311 praesentia.

133 1329 165 1390 2.
210 1325 255 1390 Et
272 1347 336 1390 non
356 1326 457 1392 solum
480 1329 513 1392 in
535 1330 595 1394 hac
617 1329 744 1394 muliere
766 1330 840 1394 anni
860 1329 1052 1394 infirmitatis
1073 1330 1222 1416 descripti

65 1435 150 1502 sunt,
167 1449 245 1513 quos
259 1429 398 1514 coaptari
420 1429 528 1495 dicunt
544 1431 695 1518 figmento
716 1453 785 1509 suo,
807 1432 864 1496 sed
881 1453 954 1497 ecce
975 1439 1007 1496 et
1029 1431 1092 1496 alia
1112 1431 1223 1496 mulier

66 1529 210 1594 similiter
234 1554 325 1595 xvnr
344 1532 435 1596 aunis
456 1533 623 1611 infirmata,
641 1543 753 1599 sanata
773 1542 832 1610 est,
847 1533 887 1599 de
901 1555 964 1620 qua
979 1533 1134 1599 Dominus
1155 1534 1219 1599 ait:

66 1631 278 1696 Haerentem
289 1634 397 1714 filiam
411 1634 559 1714 Abrcltoe,
574 1658 667 1721 quom
681 1636 825 1719 altipaoit
842 1637 978 1701 Satanae
999 1636 1098 1700 decem
1112 1645 1140 1700 et
1159 1646 1222 1701 octo
1234 1654 1380 1697 eremum

66 1735 169 1811 oanis,
185 1756 244 1798 ooo
263 1734 415 1820 oportebat
428 1737 504 1801 solvi
519 1739 553 1802 in
569 1737 774 1803 dieeodbotil
812 1739 847 1804 Si
868 1760 944 1825 ergo
966 1738 1018 1802 illa
1039 1746 1133 1824 typus
1154 1747 1222 1803 erat

9 1862 40 1902 m
67 1835 242 1901 duodecimi
257 1839 377 1903 AEonis
396 1840 490 1925 passi,
510 1849 544 1905 et
565 1841 633 1906 haec
654 1849 748 1927 typus
768 1863 838 1907 esse
852 1842 964 1906 decimi
982 1841 1084 1906 octavi
1106 1842 1222 1906 AEonis

66 1940 149 2025 passi
165 1941 267 2005 debet.
312 1941 376 2006 Sed
395 1965 458 2007 non
481 1944 599 2008 habent
620 1945 800 2009 ostendere:
824 1944 961 2031 alioquin
976 1945 1124 2029 primast
1138 1945 1221 2029 prin·

65 2042 174 2129 cipalis
195 2066 303 2108 corum
323 2046 451 2129 Ogdoas
472 2048 744 2112 connumerabitur
758 2048 929 2134 compassio
944 2048 1112 2113 AEonibus.
1157 2048 1221 2113 Sed

65 2154 99 2209 et
120 2145 200 2210 alius
220 2156 327 2212 autem
348 2149 474 2235 quidam
495 2158 657 2215 sanatura
672 2151 808 2215 Domino
823 2174 965 2214 xxxvrm
988 2172 1087 2216 annos
1101 2151 1341 2216 habersuam.

65 2247 98 2312 in
112 2271 170 2313 sna
179 2251 338 2335 passione:
356 2260 389 2316 et
403 2252 599 2339 trigesimum
611 2261 645 2318 et
659 2262 802 2319 octavum
814 2275 941 2340 passum
953 2254 1092 2318 AEonem
1103 2254 1219 2319 dicant.

65 2351 100 2415 Si
124 2353 206 2416 enim
229 2376 298 2439 quae
316 2377 336 2419 a
352 2355 488 2420 Domino
503 2356 685 2433 factasunt,
706 2365 799 2444 typos
816 2379 884 2422 esse
899 2357 1007 2421 dicunt
1021 2379 1128 2422 corum
1150 2379 1220 2444 quae

64 2462 139 2518 sunt
160 2453 193 2517 in
213 2455 401 2535 Pleromate,
423 2466 517 2544 typus
538 2458 571 2522 in
592 2459 736 2524 omnibus
757 2460 851 2524 debet
872 2460 998 2524 servari.
1043 2459 1106 2525 Sed
1120 2482 1221 2546 neque

65 2579 135 2623 eam
150 2581 220 2646 quae
234 2567 306 2643 post
322 2583 413 2624 xv111
428 2581 528 2624 annos
549 2569 657 2625 curata
679 2569 738 2640 est,
760 2583 819 2626 nec
834 2583 906 2626 enm
920 2561 973 2648 qui
988 2568 1060 2645 post
1076 2584 1220 2626 xxxvrn

64 2684 164 2728 annos
193 2672 320 2729 curatus
341 2672 400 2743 cst,
427 2672 558 2749 possunt
584 2666 733 2750 adaptare
764 2686 822 2730 suo
848 2666 1009 2753 figmento.
1062 2665 1221 2730 Iusulsum

64 2775 170 2832 autem
185 2776 219 2833 ct
233 2767 451 2832 inconveniens
465 2775 514 2832 est
529 2768 706 2833 omnimodo
720 2769 824 2834 dicere
844 2768 876 2832 in
895 2769 1079 2856 quibusdam
1095 2768 1220 2856 quidem

64 2890 205 2935 servasse
229 2879 339 2956 typum
365 2870 569 2948 Salvatorem,
593 2872 626 2935 in
647 2872 833 2958 quibusdam
855 2880 962 2938 autem
983 2893 1046 2936 non
1069 2893 1220 2937 servasse.

65 2973 236 3039 Dissimilis
250 2997 324 3062 ergo
338 2982 371 3040 et
385 2976 522 3040 mulieris
536 2983 630 3061 typus
645 2977 772 3063 negotio
786 2980 796 3017 ¹
808 2998 916 3040 corum
930 2976 1116 3040 ostenditur.

130 3082 160 3143 3.
205 3078 321 3143 Adhuc
335 3087 441 3143 autem
456 3086 489 3143 et
503 3078 615 3142 falsum
630 3078 825 3143 demonstrat
839 3085 1050 3143 commentum
1064 3096 1172 3140 eorum
1187 3084 1221 3141 et

64 3179 208 3246 instabile
228 3181 411 3266 figmentum
432 3201 540 3245 eorum
562 3180 658 3244 etiam
679 3179 739 3243 hoc
761 3179 873 3264 ipsum,
896 3178 979 3264 quod
998 3199 1054 3262 per
1074 3196 1221 3240 numeros

63 3284 230 3372 aliquando
251 3283 376 3371 quidem
398 3291 430 3348 et
451 3306 506 3368 per
523 3283 658 3370 syllabas
679 3284 850 3362 nominum,
871 3282 1038 3369 aliqnando
1058 3287 1165 3345 antem
1186 3289 1221 3346 et

63 3410 119 3472 per
133 3388 320 3475 syllabarum
334 3386 450 3465 literas,
465 3386 631 3474 aliquando
651 3408 724 3452 vero
745 3395 778 3452 et
799 3409 856 3471 per
872 3407 1027 3463 numeros,
1043 3384 1096 3471 qui
1111 3405 1220 3448 secun-

63 3492 138 3556 dum
165 3492 294 3557 Graecos
315 3491 348 3555 in
369 3491 467 3555 literis
488 3491 696 3570 continentur,
719 3499 844 3557 tentant
864 3491 977 3556 inferre
997 3488 1217 3577 probationes;

61 3595 257 3681 apertissime
279 3594 572 3672 consternationem,
596 3594 662 3660 sive
681 3596 906 3673 contusionem,
929 3603 962 3659 ct
984 3591 1221 3657 instabilitatem

61 3698 202 3764 scientiae
225 3719 333 3763 eorum
358 3705 391 3762 et
414 3705 573 3761 extortum
594 3698 816 3764 'demonstrat
869 3698 967 3762 Jesus
997 3696 1082 3761 enim
1106 3716 1221 3759 nomen

112 3894 617 3958 ¹Thecns0110weobyMrss.huAEe
666 3897 772 3951 tissima
793 3896 909 3944 Smer
927 3910 985 3958 says
1001 3901 1063 3957 port,
1083 3898 1217 3951 extortum,

62 3994 131 4028 oum.
160 3979 213 4027 Tire
224 3979 311 4027 earlier
322 3979 385 4027 Eoo.
399 3977 616 4040 oepatioAEonum.
666 3977 780 4025 meldim
790 3992 866 4025 eorem
877 3976 995 4039 aliquem,
1008 3977 1162 4040 mysterium,
1176 3981 1220 4022 ora

63 4061 127 4125 May
134 4065 181 4109 not
192 4061 286 4122 reporto
292 4077 373 4109 cortem
381 4061 444 4109 have
451 4061 512 4108 been
518 4060 617 4109 written
666 4060 744 4108 munile
754 4059 823 4123 quid,
837 4058 999 4107 memneris.
1023 4057 1075 4106 But
1085 4057 1136 4104 like
1146 4070 1220 4118 every

63 4144 102 4192 for
113 4145 130 4201 ἡ
140 4146 231 4193 τούτων
245 4145 368 4205 ἀπόφασις
379 4144 562 4192 drodelmurtul
667 4143 739 4191 other
753 4143 856 4190 obscure
866 4155 971 4204 passage
984 4140 1005 4187 it
1021 4138 1108 4187 should
1120 4138 1150 4185 be
1161 4136 1220 4185 read

112 4224 301 4281 ¹clrmooetro15
329 4225 429 4273 ramnus
453 4224 569 4273 methodo
592 4224 621 4273 ot
667 4225 747 4273 inthe
758 4224 849 4282 Greek,
865 4237 893 4269 ea
905 4220 1000 4271 Oriente
1013 4220 1062 4277 lux,
1078 4220 1137 4267 etro
1147 4219 1220 4266 τοῦτο

62 4308 143 4372 filling
161 4313 207 4356 out
225 4308 269 4356 the
286 4307 456 4356 construction
474 4307 538 4354 hove
556 4307 618 4354 been
669 4307 865 4367 ...φανερώτατα
872 4305 916 4362 τὴν
927 4302 1071 4363 ἀνατροπὴν,
1081 4300 1120 4347 rol
1129 4299 1157 4346 rt
1165 4299 1220 4346 dote

62 4390 192 4455 proposed.
211 4390 338 4448 Guttae,
352 4389 472 4437 Faunae.
481 4387 531 4435 and
543 4387 617 4435 Mas·
668 4404 758 4435 στατον
773 4386 936 4445 τῆςγνώσεως
948 4382 1077 4431 αὐτῶνκαὶ
1093 4381 1221 4440 ἐξεστραμ·

63 4484 127 4521 suar
139 4472 198 4521 read
206 4472 376 4521 demeret-root,
401 4471 507 4519 Statura
520 4468 616 4530 (iudet.
667 4469 736 4525 μένον
748 4468 905 4515 ἀποδείκνυσι.
934 4463 989 4511 Sive
1001 4460 1165 4523 consumerent
1175 4459 1222 4506 hes

62 4554 114 4604 Soc.
122 4550 617 4617 aar.leupuoeuppueuuoeeeaerepcr-
667 4547 710 4595 the
726 4561 879 4611 appearance
890 4544 919 4592 oi
930 4559 946 4592 a
956 4541 1079 4607 marginal
1090 4540 1164 4604 gloss.
