2954 4986
453 349 721 407 COMPENDIOSA
746 353 973 411 numanum.
1212 348 1279 411 369

1326 536 1380 577 mn.
1389 538 1419 579 11.

1325 584 1391 623 xlviii.
1401 587 1418 624 1.

559 636 660 704 one.
683 637 853 707 xnvru.
1309 629 1437 717 uouit·

1328 723 1387 763 urst.
1396 725 1413 763 1.

126 793 315 886 Quomodo
333 822 377 872 ea
394 824 472 897 qua
489 795 664 873 aclevertus
684 797 915 875 Valentinum
935 795 1118 893 dicuntur,
1138 826 1279 877 munem
1295 794 1333 803 ‘⁸

527 930 686 991 evocamur
711 916 874 993 tanesia.

1334 796 1442 807 —----

190 1084 221 1145 1.
267 1079 479 1145 Dnsrnucsrs
513 1080 619 1167 itaque
652 1082 702 1148 his
737 1083 790 1168 qui
822 1106 843 1148 a
872 1083 1042 1150 Valentino
1067 1094 1151 1165 sunt,
1177 1086 1279 1153 omnis

123 1181 341 1248 haereticorum
353 1206 459 1249 eversa
470 1194 518 1250 est
532 1184 708 1251 multitudo.
732 1186 810 1268 Quae
822 1186 905 1251 enim
917 1195 949 1251 et
964 1197 1115 1273 quantum
1130 1190 1278 1256 adversus

124 1285 271 1352 Pleroma
291 1286 428 1372 ipsorum
444 1295 476 1352 ct
497 1288 538 1353 ad
557 1310 596 1353 ea
617 1311 687 1374 quae
704 1297 796 1355 extra
817 1298 892 1354 sunt
912 1291 1056 1369 diximus,
1078 1293 1278 1359 ostendentes

123 1392 270 1475 quoniam
285 1392 485 1458 concludetur
507 1400 539 1457 et
556 1392 825 1458 circumscribetur
845 1394 942 1459 Pater
958 1395 1169 1460 universorum
1184 1398 1225 1461 ab
1239 1419 1278 1463 eo

123 1494 206 1578 quod
221 1505 311 1560 extra
329 1516 400 1559 eum
411 1502 470 1573 est,
484 1495 526 1581 (si
541 1505 646 1561 tamen
661 1503 751 1561 extra
765 1518 837 1562 eum
851 1496 968 1582 aliquid
989 1496 1066 1579 sit);
1084 1506 1117 1563 et
1131 1500 1277 1585 quoniam

122 1618 250 1661 necesse
270 1604 320 1661 est
341 1596 456 1661 multos
479 1597 604 1682 quidem
627 1598 750 1675 Patres,
777 1598 876 1663 multa
901 1609 1008 1663 autem
1031 1598 1219 1681 Pleromata,
1244 1609 1278 1667 et

121 1702 237 1767 multas
250 1703 434 1767 mundorum
449 1703 677 1780 fabricationes,
688 1704 742 1768 ¹ab
753 1703 823 1768 aliis
837 1703 961 1789 quidem
973 1712 1094 1789 coeptas
1107 1706 1147 1769 ad
1162 1706 1276 1771 alteras

120 1814 227 1871 autem
249 1806 439 1885 deficientes,
462 1828 531 1873 esse
551 1808 722 1873 secundum
746 1829 870 1873 omnem
892 1817 1034 1895 partem;
1062 1816 1095 1874 et
1116 1810 1276 1877 universos

121 1917 354 1995 perseverantes
368 1910 400 1974 in
414 1911 479 1976 suis
493 1911 633 1998 propriis,
649 1933 712 1976 non
727 1912 846 1977 curiose
860 1934 953 2000 agere
968 1912 1007 1977 de
1021 1912 1100 1991 aliis,
1116 1913 1276 2000 inquibus

120 2035 221 2101 neque
230 2014 436 2101 participatio,
449 2037 549 2101 neque
563 2016 739 2081 communio
749 2015 852 2102 aliqua
867 2024 916 2082 est
930 2016 991 2091 eis;
1006 2024 1039 2082 et
1051 2016 1168 2081 nullum
1179 2016 1274 2085 alium

121 2116 260 2181 omnium
281 2138 350 2182 esse
365 2117 480 2195 Deum,
496 2117 552 2182 sed
570 2118 669 2182 solam
684 2140 753 2183 esse
769 2118 993 2203 omnipotentis
1012 2119 1271 2205 appellationem:

64 2243 102 2283 ua
121 2227 154 2284 et
168 2220 315 2283 adversus
329 2240 384 2285 eos
399 2219 451 2305 qui
466 2227 573 2284 sunta
590 2220 761 2299 Marcione,
777 2228 810 2285 et
826 2219 962 2298 Simone,
974 2228 1007 2285 et
1024 2220 1209 2301 Menandro,
1226 2223 1274 2288 vel

121 2324 295 2413 quicunque
309 2324 362 2389 alii
376 2333 460 2402 sunt,
476 2324 529 2410 qui
543 2325 685 2392 similiter
699 2325 839 2390 dividunt
856 2346 927 2389 eam
946 2347 1016 2412 quae
1030 2326 1201 2390 secundum
1216 2349 1273 2393 nos

119 2438 169 2495 est
184 2429 392 2495 conditionem
407 2451 427 2494 a
442 2429 549 2508 Patre,
564 2429 706 2495 similiter
723 2429 782 2494 erit
803 2429 863 2492 ²ad
881 2451 935 2494 eos
956 2436 1110 2515 aptatum.
1147 2430 1273 2511 Quanta

119 2542 224 2598 autem
239 2556 346 2598 rursus
360 2532 495 2598 diximus
509 2534 656 2599 adversus
670 2555 734 2611 eos,
745 2533 797 2619 qui
812 2532 919 2598 dicunt
931 2533 1035 2598 omnia
1049 2533 1173 2621 quidem
1187 2557 1269 2599 com·

118 2637 309 2723 prehendere
329 2636 458 2701 Patrem
475 2636 702 2713 universorum;
726 2658 796 2701 eam
820 2645 925 2701 autern
951 2659 1020 2722 quae
1038 2637 1080 2702 sit
1101 2638 1271 2703 secundum

117 2761 176 2804 nos
202 2739 412 2804 conditionem
433 2761 496 2803 non
513 2740 554 2803 ab
577 2761 615 2804 eo
638 2761 707 2805 esse
724 2739 850 2817 factam,
871 2739 967 2804 seda
987 2738 1115 2806 Virtute
1135 2742 1270 2827 quadam

115 2842 233 2917 altera;
264 2841 312 2907 vel
337 2843 378 2906 ab
404 2841 537 2928 Angelis
566 2841 781 2929 ignorantibus
812 2841 1028 2927 Propatorem,
1052 2841 1084 2907 in
1116 2842 1270 2910 immensa

115 2944 330 3032 magnitudine
344 2943 554 3009 universitatis
569 2944 835 3028 circumscriptum
857 2945 955 3008 centri
971 2944 1046 3021 vioe,
1061 2944 1144 3010 velut
1164 2968 1268 3013 macu-

114 3046 177 3111 lam
189 3048 221 3111 in
236 3047 344 3133 polli03
361 3047 562 3112 ostendentes
576 3047 722 3132 quoniam
737 3069 799 3111 non
813 3054 863 3111 est
877 3046 1041 3111 verisimile
1054 3048 1149 3112 alium
1162 3071 1267 3135 quem-

114 3150 187 3214 dam
202 3172 271 3215 eam
287 3173 356 3237 quae
369 3149 540 3215 secundum
554 3171 612 3213 nos
625 3156 675 3213 est
690 3147 898 3213 conditionem
910 3149 1020 3213 fecisse
1034 3172 1127 3235 quam
1138 3150 1266 3217 Patrem

113 3255 324 3319 universorum
337 3281 345 3331 ;
370 3263 403 3320 et
417 3255 564 3318 adversus
578 3275 632 3318 eos
648 3252 701 3338 qui
716 3260 824 3316 sunta
840 3251 1018 3331 Saturnino,
1034 3261 1068 3317 et
1084 3275 1105 3317 a
1119 3252 1265 3336 Basilidc,

113 3366 146 3425 et
161 3358 359 3445 Carpocrate,
370 3366 404 3423 et
417 3357 552 3444 reliquos
566 3357 796 3435 Gnosticorum,
809 3355 861 3443 qui
875 3355 984 3420 eadem
998 3355 1139 3421 similiter
1147 3356 1265 3437 dicunt,

113 3464 195 3528 idem
205 3463 334 3528 dicetur.
359 3463 438 3545 Quae
452 3471 559 3528 autem
574 3463 613 3527 de
627 3461 851 3549 prolationibus
865 3461 948 3527 dicta
962 3469 1045 3542 sunt,
1054 3464 1265 3543 etAEonibus,

113 3575 146 3632 et
177 3566 432 3644 deminoratione,
459 3576 491 3631 et
518 3565 779 3652 quemadmodum
805 3565 959 3631 instabilis
986 3566 1093 3631 Mater
1117 3567 1265 3653 ipsorum,

112 3671 255 3737 similiter
278 3669 406 3735 ³evertit
430 3668 611 3747 Basilidem,
638 3676 672 3734 et
694 3690 803 3734 omnes
825 3668 879 3756 qui
905 3667 983 3733 falso
1007 3670 1267 3757 cognominantur

112 3775 296 3862 ⁴agnitorea
311 3773 381 3838 aliis
395 3773 572 3839 nominibus
586 3773 696 3838 eadem
710 3772 852 3838 similiter
866 3771 1020 3845 dicentes;
1044 3771 1145 3860 magis
1159 3782 1265 3840 autem

112 3901 207 3966 quam
244 3877 277 3942 bi
302 3875 377 3964 ⁶qui
405 3898 444 3942 ea
475 3898 545 3963 quae
574 3884 649 3941 sunt
672 3884 764 3939 extra
789 3873 951 3939 veritatem
973 3875 1196 3943 transferentes
1223 3878 1265 3943 ad

64 4009 88 4049 a
111 3982 322 4048 characterem
337 4003 404 4046 suae
419 3980 578 4044 doctrinae.
617 3978 663 4043 Et
676 3998 870 4064 quaecunque
888 3985 963 4042 sunt
982 3999 1052 4064 quae
1072 3979 1111 4044 de
1129 3981 1266 4045 numeris

110 4085 256 4165 diximus,
272 4085 420 4151 adversus
434 4107 552 4165 omnes,
569 4084 621 4172 qui
635 4084 668 4148 in
681 4083 859 4170 hujusmodi
873 4084 1010 4171 speciem
1024 4085 1183 4151 deducunt
1194 4108 1264 4172 quac

160 4258 170 4291 ¹
188 4263 214 4319 ἐξ
229 4262 312 4308 ἄλλων
326 4261 370 4319 μὲν
382 4260 522 4322 ἀρχομένας,
540 4261 572 4309 ets
588 4260 665 4309 ἄλλας
759 4256 771 4288 ⁵
787 4255 831 4320 qui
841 4256 862 4305 is
873 4256 952 4306 found
962 4256 989 4306 in
1000 4256 1034 4305 all
1046 4256 1121 4305 MSS.
1145 4256 1209 4322 May
1219 4263 1266 4307 not

110 4340 137 4387 dl
148 4338 329 4399 ἀποληγούσας.
359 4338 398 4387 Cf.
412 4351 441 4388 11.
458 4354 478 4387 1.
712 4338 760 4386 τῶν
770 4338 834 4387 have
845 4339 917 4387 stood
927 4339 966 4387 for
976 4340 1068 4387 τούτων
1076 4336 1125 4401 (sec
1135 4355 1160 4403 p.
1170 4354 1193 4402 n,
1204 4354 1229 4389 n.
1237 4342 1264 4401 5)

160 4414 172 4447 ¹
187 4416 223 4464 od
234 4431 278 4476 coa,
293 4416 413 4481 applying
423 4420 451 4464 to
462 4415 597 4480 mticuuqm
607 4413 662 4464 ulii.
712 4420 738 4468 in
761 4420 804 4469 tha
825 4420 953 4484 following
980 4434 1092 4485 passage,
1119 4422 1215 4481 μᾶλλον
1238 4424 1265 4471 dl

159 4496 170 4529 ¹
187 4498 374 4561 ἅ-άνατρέπει.
712 4503 768 4561 τῶν,
781 4503 814 4551 τὰ
825 4505 870 4562 ἔξω
880 4504 924 4562 τῆς
941 4502 1053 4561 ἀληθείας
1068 4504 1266 4567 menteomni

159 4578 171 4610 ⁴
187 4579 322 4642 Anniana,
341 4580 476 4642 γνωστικοί
712 4584 744 4631 τὰ
756 4586 808 4644 ἔξω,
824 4582 916 4633 (inutile
922 4582 1074 4649 ptttoropty.
