2954 4986
235 315 300 380 282
649 325 749 379 Deus
776 322 878 377 UNUS
903 321 969 375 EST

77 501 130 543 ¹11²
138 500 170 585 3¹·
181 511 216 540 ι’·
236 501 274 547 ea
294 501 364 566 quae
385 479 534 566 praedicte
554 484 639 556 eunt,
661 477 744 573 sicut
765 498 821 565 per
847 473 979 553 radium,
1001 472 1153 539 emittens
1175 473 1319 549 verbum,
1341 469 1461 536 sedum

80 577 217 680 ‹ffiggffp
237 605 300 648 non
314 583 381 669 ipse
394 584 435 648 ab
449 580 510 646 alio
524 579 688 646 emittitur.

111 686 181 724 ’Μ
305 690 336 753 3.
383 685 428 750 Et
450 685 519 750 haec
542 683 667 770 quidem
690 681 723 747 in
741 680 919 746 hominibus
940 677 1025 765 capit
1045 677 1118 757 dici,
1133 700 1209 743 cum
1230 678 1299 743 sint
1315 697 1397 742 com·

76 760 223 772 ‘—
238 788 331 876 positi
354 796 477 865 nature,
503 794 537 851 et
561 808 602 850 ex
625 806 753 872 corpore
777 791 811 849 et
832 783 938 848 anime
960 781 1190 846 subsistentes:
1214 781 1270 866 qui
1292 789 1397 845 autem

238 893 346 958 dicunt
360 912 401 954 ex
416 889 486 953 Deo
498 888 644 953 emissam
658 909 727 952 esse
744 886 911 963 Enuoeem,
923 893 1005 951 etex
1019 884 1144 949 Ennoea
1155 883 1242 959 Nun,
1253 884 1398 968 deinceps

239 993 333 1059 exiis
349 993 470 1079 Logon‚
485 991 585 1076 primo
600 989 724 1075 quidem
739 988 889 1076 arguendi
903 996 978 1053 sunt
992 987 1157 1073 improprie
1178 986 1398 1052 emissionibus

240 1097 309 1172 usi:
332 1104 404 1182 post
419 1094 530 1159 deinde
544 1092 706 1157 hominum
719 1091 910 1165 affectiones,
925 1099 959 1156 et
973 1089 1144 1176 passiones,
1159 1098 1193 1155 et
1208 1088 1398 1153 intentiones

240 1199 356 1267 mentis
369 1198 590 1275 describentes,
607 1196 712 1261 Deum
725 1204 832 1261 autem
847 1195 1044 1282 ignorantes:
1062 1193 1115 1278 qui
1131 1193 1261 1278 quidem
1276 1215 1316 1258 ea
1330 1215 1398 1278 quse

241 1303 410 1369 obveniunt
424 1299 602 1365 hominibus
614 1299 672 1363 ¹ad
685 1298 874 1384 loquendum
887 1318 952 1376 eos,
966 1295 1124 1383 applicent
1140 1295 1284 1361 omnium
1299 1294 1397 1369 Patri,

242 1425 335 1490 quem
358 1402 454 1468 etiam
479 1402 622 1488 ignotum
643 1401 789 1467 omnibus
813 1400 942 1477 dicunt:
967 1407 1119 1486 negantes
1145 1399 1276 1485 quidem
1297 1399 1398 1485 ipsum

241 1506 393 1572 mundum
415 1505 538 1584 fecisse,
553 1512 590 1569 ut
604 1526 644 1570 ne
664 1504 790 1590 quidem
807 1502 937 1590 pusillus
958 1510 1094 1589 putetur,
1114 1502 1280 1567 hominum
1293 1510 1398 1567 autem

241 1608 423 1674 affectiones
437 1614 469 1672 et
483 1607 645 1692 passiones
664 1606 828 1671 donantes.
873 1604 907 1670 Si
921 1612 1028 1670 autem
1043 1602 1223 1690 Scripturas
1237 1603 1398 1692 cognovis-

242 1717 324 1788 sent,
347 1718 380 1775 et
400 1730 421 1774 a
442 1708 572 1774 veritate
593 1707 677 1773 docti
699 1713 815 1785 essent,
837 1705 953 1772 scirent
975 1706 1083 1791 utique
1102 1704 1252 1791 quoniam
1268 1728 1333 1771 non
1355 1705 1399 1771 sic

244 1811 343 1890 Deus,
359 1809 619 1896 quemadmodum
640 1808 802 1882 homines:
824 1815 857 1873 et
871 1829 934 1873 uon
948 1807 995 1874 sic
1008 1806 1215 1894 cogitationes
1229 1808 1310 1894 ejus,
1326 1828 1401 1893 quo·

243 1913 337 1979 modo
351 1912 557 2001 cogitationes
571 1912 743 1978 hominum.
782 1911 922 1977 Multum
935 1911 1019 1977 euim
1033 1910 1131 1975 distet
1146 1910 1290 1975 omnium
1305 1911 1401 1975 Peter

243 2016 285 2080 ab
299 2014 349 2078 hie
360 2036 431 2100 quee
445 2013 629 2100 proveniunt
643 2012 820 2079 homiuibus
834 2012 1051 2078 affectionibus
1072 2019 1106 2076 et
1127 2011 1346 2097 passionibus:
1369 2021 1402 2078 et

244 2115 387 2202 simplex,
403 2124 436 2180 et
451 2137 514 2181 non
528 2115 730 2201 compositus,
745 2123 779 2181 et
792 2113 1082 2193 ’similimembrius
1097 2121 1132 2178 et
1145 2121 1233 2179 totus
1247 2114 1316 2201 ipse
1330 2115 1402 2180 sibi·

244 2218 369 2304 metipsi
394 2218 513 2294 similis,
540 2226 574 2283 et
591 2216 720 2303 aequalis
745 2225 804 2296 est,
827 2224 915 2283 totus
936 2238 1008 2282 eum
1031 2215 1074 2281 sit
1095 2219 1233 2295 ⁸eensus,
1259 2225 1294 2282 et
1316 2225 1403 2282 totus

244 2321 382 2409 spiritus,
397 2329 430 2386 et
450 2329 537 2386 totus
552 2319 796 2399 ⁴scnsuabilites,
811 2327 844 2386 et
863 2327 950 2385 totus
970 2340 1093 2398 ennoea,
1106 2327 1140 2384 et
1154 2327 1240 2384 totus
1261 2320 1354 2398 ratio,
1370 2327 1402 2386 et

244 2431 332 2490 totus
345 2423 481 2502 auditus,
493 2431 526 2488 et
537 2429 623 2488 totus
633 2421 751 2499 oculus,
763 2429 797 2487 et
810 2429 897 2487 totus
911 2421 1026 2500 lumen,
1039 2430 1072 2488 et
1082 2429 1169 2487 totus
1180 2422 1251 2488 lone
1263 2423 1403 2488 omnium

242 2525 410 2600 bonorum;
428 2523 689 2610 quemadmodum
703 2523 793 2590 adest
806 2523 958 2611 religiosis
971 2546 1010 2591 ac
1023 2525 1084 2612 piis
1099 2525 1202 2590 dicere
1216 2525 1257 2590 de
1273 2525 1356 2592 Deo.

312 2631 343 2692 4.
389 2626 450 2692 Est
475 2635 582 2692 autem
605 2633 639 2692 et
663 2647 758 2713 super
780 2626 859 2706 haec,
883 2635 916 2692 et
937 2637 1064 2714 propter
1084 2628 1153 2693 hsec
1179 2628 1403 2693 inenarrabilis.

246 2730 365 2796 Sensus
379 2730 462 2795 enim
477 2751 577 2816 capex
592 2730 731 2795 omnium
746 2731 825 2796 bene
839 2738 872 2796 et
886 2740 972 2797 recte
985 2731 1117 2810 dicetur,
1131 2731 1188 2797 sed
1210 2753 1275 2796 non
1295 2732 1404 2797 similis

244 2830 406 2897 hominum
420 2830 546 2896 sensui:
569 2830 720 2897 etlumen
735 2831 907 2897 rectissime
923 2831 1055 2913 dicetur,
1069 2833 1125 2898 sed
1146 2831 1225 2896 nihil
1234 2833 1348 2909 simile
1365 2834 1403 2913 ei,

294 2999 305 3034 ¹
322 3000 357 3050 ad
371 2999 518 3063 oquendum
532 3014 577 3062 eos,
591 3000 678 3050 Graeoe
693 3000 752 3065 πρὸς
769 3001 799 3050 τὸ
849 3001 925 3052 Neue
941 3008 962 3052 et
981 3002 1137 3066 Anoeoporoe
1155 3001 1294 3054 mamae
1309 3003 1406 3053 teneo

245 3080 331 3130 λαλεῖν
342 3081 435 3129 atreo.
914 3083 1025 3144 mem,

294 3158 530 3220 'similimum-iae,
539 3159 583 3209 the
594 3158 751 3218 translation,
761 3174 800 3208 ac·
851 3164 931 3225 Qum
943 3165 1020 3216 Gemi
1030 3173 1169 3228 mmmm,
1182 3182 1226 3217 m
1234 3173 1320 3218 mm
1329 3167 1407 3218 dim

243 3243 348 3306 oording
358 3243 510 3292 toFrusno.
523 3241 552 3290 of
560 3241 709 3302 ὁμοιόκωλος,
720 3241 801 3290 which
916 3247 1003 3310 lingua

244 3322 267 3371 is
281 3338 315 3371 an
327 3322 447 3370 unknown
463 3322 612 3385 compound,
631 3339 660 3370 or
679 3323 708 3371 of
723 3322 800 3382 ὃμοια·
852 3329 965 3380 emeda
974 3328 1043 3379 nobie
1049 3328 1132 3393 patris*
1142 3331 1260 3381 monis
1268 3340 1358 3396 egam
1364 3353 1375 3391 ,·

243 3405 317 3465 pupis
327 3403 460 3466 according
470 3408 498 3451 to
505 3403 607 3462 GBABB,
618 3403 699 3452 which
708 3404 729 3452 le
740 3404 801 3453 used
850 3410 899 3461 Sed
909 3418 988 3461 tamen
999 3411 1080 3476 ipsam
1090 3428 1141 3462 rem
1152 3412 1234 3477 facile
1247 3422 1280 3464 aa
1293 3432 1408 3480 apeme

243 3484 801 3549 byansnornrsteraesesndoscew
915 3493 999 3554 ustis,

246 3563 355 3627 Gyrillm
369 3563 462 3613 Oetaei.
477 3575 514 3614 vr.
533 3562 598 3611 lune
616 3563 705 3612 Imroei
722 3565 801 3615 locum
850 3574 1010 3638 Principium
1030 3591 1114 3626 mm
1130 3592 1204 3640 quam
1226 3577 1289 3628 dicit
1310 3578 1408 3630 mao-

243 3643 354 3693 e'mitatue
375 3643 446 3705 dreit,
468 3645 549 3704 ὅμοιον
572 3644 608 3692 eet
631 3644 709 3706 ἐαυτῷ·
731 3646 797 3707 ὄντα,
915 3657 1024 3707 mm,

242 3729 354 3787 μονοειδῆ
380 3730 426 3788 τὴν
455 3728 597 3786 lrlmvtb
624 3729 666 3777 οὒκ
688 3729 713 3777 3⁹
733 3731 801 3791 W*
852 3738 1181 3802 omvtdeleeepanas'ua
1191 3747 1262 3804 mpure
1272 3742 1377 3792 esinatis

243 3810 426 3868 ἐλαττούμενον,
446 3808 499 3859 etl·
518 3810 543 3858 ἐν
558 3809 801 3868 adscripserim
852 3820 953 3881 onim,
966 3820 1033 3871 sica
1044 3821 1399 3888 &pamfflsmmiuseis

243 3891 316 3940 seror
333 3891 419 3952 lemni.
453 3891 540 3940 Mssa.
570 3891 620 3940 Hie
642 3892 724 3941 words
741 3909 799 3941 con·
855 3901 1165 3967 Vism'busoiscespifflsi,
1180 3905 1224 3956 bc.
1258 3918 1276 3955 1.
1291 3907 1348 3969 830.

242 3974 299 4022 firm
313 3972 431 4021 Gesna’e
443 3973 524 4033 view;
540 3972 580 4021 for
595 3973 734 4036 ὁμοιομερὴς
747 3989 798 4023 was
899 3981 910 4015 ³
927 3983 1020 4033 Senem
1056 3984 1180 4048 Notiesoit
1190 3985 1218 4034 in
1231 3986 1323 4049 Geueo,
1335 3989 1376 4040 bie
1388 3998 1409 4039 α

242 4055 286 4105 the
309 4059 373 4103 term
395 4054 483 4103 coined
505 4054 539 4118 by
561 4056 750 4104 Assxnoonss
772 4061 800 4104 to
847 4071 930 4128 pom
951 4081 1011 4128 ηιμ
1033 4065 1071 4116 «αἱ
1091 4067 1214 4131 sculpens·
1239 4085 1268 4119 a
1290 4086 1347 4134 esp,
1369 4073 1411 4132 18,

242 4153 342 4202 express
353 4138 396 4187 the
408 4137 553 4202 identityol
565 4137 609 4186 the
619 4137 759 4199 moleculee‚
774 4139 802 4187 of
847 4163 875 4211 p,
892 4149 946 4208 138,
959 4148 1002 4198 001,
1019 4150 1070 4210 1,l‚
1085 4148 1124 4211 26,
1143 4150 1247 4215 altisque
1261 4152 1329 4213 ἰωὴ,
1346 4170 1411 4217 pm.

242 4220 323 4270 which
340 4236 391 4284 any
404 4219 537 4270 substance
551 4235 602 4268 was
617 4220 721 4281 formed,
738 4221 799 4270 with
849 4229 931 4279 emim
941 4245 969 4278 ee
979 4230 1021 4280 leb.
1038 4246 1059 4290 1,
1075 4247 1130 4295 cap.
1143 4230 1167 4294 6,
1180 4233 1224 4283 adi
1242 4235 1274 4289 is.
1288 4235 1336 4286 leuc
1354 4237 1411 4300 ipsa

242 4302 286 4351 the
307 4304 440 4353 substance
457 4303 532 4365 iteell,
557 4318 585 4351 se
606 4302 689 4352 stated
710 4308 737 4352 tl
756 4303 799 4352 the
848 4311 964 4360 metentis
973 4313 1029 4363 dhes
1040 4314 1275 4379 wesselum
1284 4318 1409 4381 redditur,

242 4385 385 4433 conclusion
397 4385 426 4433 ol
434 4389 493 4433 note
505 4398 527 4444 s,
542 4397 631 4448 pepo.
655 4384 708 4433 The
718 4389 798 4434 trans
850 4397 912 4440 mlta
927 4408 1018 4444 naeus.
1053 4395 1155 4446 Graue
1189 4396 1243 4447 'l'be
1260 4398 1345 4449 Greek
1361 4401 1409 4449 ori·

242 4466 308 4514 letor
325 4482 376 4515 wss
395 4466 443 4514 less
459 4471 488 4515 st
501 4466 551 4515 loss
568 4467 629 4514 than
648 4465 799 4515 Lucamms
849 4469 918 4533 gisel
929 4470 974 4520 hes
985 4471 1087 4538 already
1097 4474 1224 4536 occorrm,
1238 4491 1265 4540 p.
1280 4490 1336 4527 ιιι.

242 4548 298 4597 who
309 4548 387 4598 found
397 4548 499 4598 himself
506 4547 597 4596 unable
607 4552 634 4596 to
645 4563 745 4610 express
756 4548 799 4598 the
900 4549 910 4582 ⁴
926 4551 1013 4617 νόησις,
1035 4554 1103 4605 Ena.
1121 4555 1317 4620 mobilitas,
1334 4560 1411 4610 mose.

242 4627 326 4677 Greek
337 4629 371 4694 by
382 4645 431 4693 any
441 4628 522 4693 single
533 4629 609 4678 Latin
621 4633 701 4690 term;
716 4644 765 4693 ep.
849 4648 913 4694 xese.
