2954 4986
530 364 821 419 ιιιιιοοοιοοοιι.
1181 351 1246 420 137

10 555 73 640 'effi‘
97 514 133 587 δέ
159 516 251 618 παρᾶ
277 534 347 601 τοῖς
369 521 480 594 Aiace
506 528 570 595 τοῦ
598 523 835 621 Πληριίματος
857 521 1040 623 πολυμερὲς
1065 522 1245 621 τυγχάνον,
1257 543 1408 637 Βῦῐχῐῐιηυφ

10 650 67 687 Μὰ
95 629 202 714 ἄλλης
237 634 312 706 ἐστὶ
344 643 486 735 μορφῆς,
523 634 578 706 καί
614 636 730 734 ἑτέρου
762 637 877 720 τύπου,
915 637 1157 728 γινωσκόμενον
1191 641 1246 708 ὑπ’
1257 623 1409 728 1113111111·

94 743 219 814 ἐκείνων
237 751 302 817 τῶν
321 753 518 840 ισυγγενῶν,
542 745 586 821 ὧν
604 746 649 820 τὰ
666 749 792 840 μεγέθη
812 750 891 848 παρ’
918 749 1025 820 αὖτῶν
1044 745 1115 855 [Η.
1135 745 1244 856 αὑτῷ]

92 857 170 928 έστι
210 855 398 937 διαπαντός.

175 968 207 1040 6.
263 971 370 1044 Ταῦτ’
400 970 455 1044 οὖν
488 970 533 1044 τὰ
564 970 642 1071 παρ’
668 975 741 1056 ὑμῖν
769 973 1029 1071 εἰκοσιτέσσαρα
1055 970 1245 1073 γράμματα

91 1080 279 1181 ιἰποῤῥοίας
312 1082 472 1184 ὑπάρχειν
506 1086 646 1178 γίνωσκε
685 1090 752 1156 τῶν
792 1091 893 1185 τριῶν
937 1082 1097 1168 δυνάμεων
1133 1090 1245 1158 είκονι-

91 1191 159 1278 κᾶς,
188 1201 255 1265 τῶν
283 1202 506 1296 περιεχουσῶν
533 1193 603 1304 [H.
633 1203 722 1268 labet
754 1193 1039 1303 έμπεριεχουσῶν]
1071 1198 1132 1271 τὸν
1163 1197 1245 1271 ὅλον

91 1310 159 1378 τῶν
177 1306 240 1378 ι’ίνω
259 1311 437 1406 στοιχείων
455 1309 515 1382 τὸν
535 1311 685 1410 ἀριθμόν.
739 1307 794 1380 Τὰ
818 1309 878 1394 μέν
901 1309 969 1410 γὰρ
993 1309 1110 1410 ἄφωνα
1135 1309 1245 1411 γράμ-

89 1449 185 1502 ματα
205 1421 293 1491 ε’ννέα
312 1423 448 1506 νόμισον
467 1421 544 1493 εἶναι
570 1428 633 1494 τοῦ
657 1420 800 1521 Πατρός
823 1423 876 1494 καὶ
900 1431 959 1506 τῆς
975 1423 1163 1508 Ἀληθείας,
1190 1423 1243 1495 διὰ

90 1529 136 1602 τό
163 1532 313 1632 ἀφώνους
344 1534 459 1612 αὐτοὺς
493 1534 581 1618 εἶναι,
613 1535 793 1606 τουτέστιν
821 1537 984 1634 ἆῤῥῆτους
1019 1535 1072 1605 καὶ
1107 1537 1243 1608 ἀνεκλα-

90 1647 221 1726 λῆτους.
280 1644 337 1717 Τὰ
367 1645 402 1717 δέ
431 1648 583 1746 ἡμίφωνα
614 1646 710 1730 ὀκτὼ,
740 1648 822 1718 ὄντα
853 1653 917 1719 τοῦ
946 1645 1070 1738 Λόγου
1091 1649 1145 1719 καὶ
1183 1658 1242 1731 τῆς

89 1754 189 1840 Ζωῆς,
208 1755 261 1827 διὰ
284 1757 327 1830 τὸ
351 1760 439 1841 μέσα
465 1758 581 1858 ὥσπερ
605 1756 766 1858 ὑπάρχειν
791 1763 857 1830 τῶν
877 1791 918 1830 τε
939 1759 1078 1858 ἇφιίνων
1096 1762 1150 1830 καὶ
1175 1767 1241 1833 τῶν

89 1871 293 1967 φωνηέντων·
322 1871 376 1941 καί
401 1869 620 1967 ἀναδέχεσθαι
641 1876 708 1942 τῶν
725 1869 785 1955 μέν
803 1868 942 1970 ὕπερθεν
961 1872 1021 1954 την
1044 1872 1240 1970 ἆπόρῥοιαν,

88 1986 158 2052 τῶν
186 1980 212 2052 θ’
237 1981 320 2081 ὑπέρ
346 1984 445 2068 αὐτὴν
474 1979 544 2088 [Η.
577 1993 597 2058 l.
630 1985 682 2054 ὑπ’
712 1978 817 2088 αὐτὰ]
846 1984 907 2066 τὴν
934 1984 1138 2084 ’ἆναφοριίυ
1183 1984 1239 2056 Τὰ

89 2091 125 2163 δέ
155 2099 327 2193 φωνήεντα
352 2096 406 2166 καί
435 2093 518 2166 αιὐτᾶ
549 2094 637 2167 ἔπτὰ
665 2097 747 2167 ὄντα
780 2101 844 2168 τοῦ
871 2096 1070 2196 Ἀνθρώπου
1099 2097 1152 2168 καί
1183 2105 1242 2181 τῆς

87 2205 299 2291 Ἑκκλησίας,
320 2208 390 2279 έπεί
414 2205 466 2278 (1ιᾶ
486 2213 549 2279 τοῦ
564 2208 766 2307 Ἀνθρώπου
784 2208 875 2307 φωνὴ
894 2213 1120 2308 προελθοῦσα,
1144 2211 1243 2309 ἐμόρ-

10 2358 12 2366 ’
44 2356 50 2367 '
90 2325 188 2419 ‘W‘
206 2317 251 2392 Τὰ
269 2321 345 2392 ὅλα·
395 2321 437 2390 Ὁ
458 2319 526 2420 ’γὰρ
545 2321 627 2416 ἦχος
642 2329 701 2404 vlt
720 2323 829 2421 φωνῆς
847 2321 1003 2421 3μορφὴν
1022 2324 1133 2399 αιὐτοῖς
1150 2354 1243 2422 περι-

86 2559 184 2626 tionis
200 2560 373 2648 cognitum.
417 2561 499 2626 lllud
514 2568 622 2627 autem
635 2562 720 2648 quod
736 2567 784 2626 est
801 2560 886 2646 apud
905 2561 1027 2626 AEonas
1041 2561 1242 2638 Pleromatis,

88 2682 161 2724 cnm
174 2660 217 2726 sit
234 2661 441 2727 multifarium
455 2662 619 2736 exsistens,
631 2661 761 2727 alterius
776 2669 825 2726 est
838 2661 957 2735 forma,
971 2667 1005 2725 et
1018 2661 1148 2726 alterius
1161 2663 1241 2748 typi,

88 2761 174 2844 quod
191 2759 381 2848 intelligitur
403 2764 445 2828 ab
471 2761 545 2848 ipsis
562 2761 615 2846 qui
636 2769 711 2826 sunt
736 2760 864 2848 cognati
886 2760 954 2846 ejus
971 2782 1104 2846 qnorum
1120 2762 1241 2848 magni-

88 2861 216 2926 tudines
232 2862 318 2947 apud
331 2885 404 2927 eum
420 2868 496 2927 sunt
513 2883 646 2946 semper.

161 2962 191 3026 6.
235 2961 325 3026 ⁴Has
341 2961 450 3049 igitur,
469 2984 540 3048 quae
557 2962 643 3046 apud
666 2981 723 3024 nos
746 2956 820 3045 [Gn
844 2960 947 3024 melias
967 2961 1052 3045 apud
1070 2959 1140 3046 vos]
1163 2968 1240 3025 sunt

85 3057 198 3146 viginti
216 3069 355 3146 quatuor
370 3063 482 3137 literae,
497 3060 713 3126 emanationes
730 3080 797 3124 esse
815 3057 956 3144 intellige
971 3059 1068 3123 trium
1084 3058 1239 3122 virtutum

84 3157 280 3247 imaginales,
300 3182 410 3226 eorum
427 3184 498 3248 ηοω
523 3160 688 3226 continent
705 3158 896 3230 universum,
919 3179 990 3241 ηοω
1010 3163 1085 3222 sunt
1103 3179 1237 3237 sursum,

84 3256 315 3325 elementorum
334 3283 510 3328 numemm.
557 3260 688 3326 lMutae
708 3257 792 3323 enim
811 3257 920 3322 literas
942 3278 1054 3321 novem
1071 3266 1150 3341 puta
1171 3278 1239 3322 esse

85 3355 195 3424 Patris
212 3370 247 3426 et
266 3358 436 3437 Veritatis,
453 3358 603 3448 quoniam
619 3359 686 3423 sine
708 3381 785 3423 voce
801 3357 876 3433 siut,
893 3357 953 3422 hoo
973 3364 1032 3431 est,
1057 3365 1090 3420 et
1115 3355 1239 3420 inenar-

83 3458 199 3524 rabiles
226 3468 262 3526 et
292 3461 517 3547 ineloquibiles.
569 3458 798 3523 ⁶Semivocales
823 3463 932 3522 autem
960 3479 1033 3521 cum
1060 3455 1125 3521 sint
1154 3463 1237 3531 octo,

85 3554 165 3644 Legi
188 3581 258 3625 esse
280 3569 314 3627 et
339 3560 432 3634 Ζοὲε,
459 3560 608 3646 quoniam
634 3557 723 3643 quasi
740 3557 852 3621 medin
878 3557 943 3621 sint
968 3556 1055 3621 inter
1077 3563 1183 3620 mutas
1204 3563 1238 3620 et

83 3657 225 3724 vocales:
251 3669 285 3726 et
307 3661 448 3746 recipere
473 3682 584 3725 eorum
612 3657 739 3743 quidem
765 3678 835 3741 ηοω
859 3655 1044 3742 supersint,
1063 3654 1238 3719 emanatio-

83 3776 165 3831 nem,
183 3781 295 3825 eorum
311 3782 385 3824 vero
403 3781 473 3846 ηοω
493 3758 617 3824 subsint
642 3755 859 3821 elevationem.
913 3753 1049 3819 Vooeles
1070 3761 1178 3818 autem
1204 3761 1238 3818 et

83 3854 167 3940 ipsas
182 3867 308 3946 septem
330 3881 407 3941 esse,
425 3856 589 3943 Anthropi
606 3870 640 3921 et
658 3855 828 3920 Ecclesiae:
855 3854 1002 3940 quoniam
1020 3876 1078 3938 per
1094 3853 1239 3920 Anthro-

83 3979 158 4044 pum
175 3983 238 4027 vox
252 3960 459 4049 progrediens
475 3957 624 4024 formavit
640 3954 755 4020 omnia.
781 3956 883 4019 Sonus
900 3953 984 4018 enim
1000 3952 1085 4018 vocis
1102 3953 1237 4017 sormam

130 4176 140 4211 ¹
157 4179 290 4240 συγγενῶν,
303 4177 347 4226 the
358 4177 484 4235 ἡλικιῶται
495 4175 599 4235 ἄγγελοι
610 4170 638 4220 of
684 4167 756 4216 allow
767 4168 810 4216 the
820 4167 891 4216 tmth
903 4166 931 4215 of
939 4165 1056 4214 onmes
1071 4165 1235 4228 supposition,

81 4258 125 4307 ue
136 4257 250 4308 Savionr.
264 4269 284 4306 1.
296 4256 310 4314 5
324 4269 362 4317 17.
684 4249 741 4298 that
758 4249 801 4297 the
822 4248 957 4297 translator
976 4247 1093 4295 rendered
1111 4249 1189 4294 ταῦτα
1211 4246 1238 4293 in

130 4336 143 4370 ¹
158 4336 277 4400 ἀναφορὰ,
291 4336 335 4385 the
345 4349 463 4385 converse
473 4331 503 4381 of
510 4331 633 4396 ἆπόρῤοια.
684 4333 727 4380 the
744 4336 839 4391 neuter,
859 4331 966 4378 without
983 4329 1114 4390 observing
1128 4328 1184 4374 that
1196 4327 1238 4375 the

128 4418 141 4452 ⁸
157 4419 281 4484 Compare
292 4429 311 4467 1.
323 4417 337 4476 ἱ
348 4430 371 4482 9.
685 4413 790 4462 concord
799 4413 888 4461 should
899 4413 962 4460 have
973 4411 1034 4459 been
1044 4411 1105 4457 with
1116 4408 1195 4455 litem,

129 4498 141 4530 ⁴
156 4498 211 4548 'l'he
231 4497 311 4548 Mas,
329 4512 371 4545 are
387 4510 415 4545 so
437 4495 586 4544 unanimous
609 4494 634 4542 in
734 4493 858 4552 ‘Mutae
877 4493 920 4541 te.
939 4500 999 4553 φ,χ,
1010 4493 1030 4539 θ.
1048 4508 1074 4549 τ,
1083 4507 1104 4549 κ,
1113 4506 1136 4537 τ.
1149 4491 1174 4550 β,
1181 4505 1206 4548 γ,
1215 4489 1236 4536 δ.

81 4581 186 4645 rading
195 4579 264 4640 Hoc,
275 4577 333 4628 that
343 4576 364 4626 it
374 4576 395 4626 is
406 4575 546 4640 impossible
556 4580 601 4624 not
609 4579 636 4623 to
734 4573 745 4606 ⁸
763 4573 934 4632 Semivooalee,
944 4572 962 4621 i.
968 4589 986 4621 ι.
996 4575 1019 4630 λ,
1027 4588 1052 4630 μ,
1060 4589 1080 4630 ν,
1087 4589 1107 4632 ρ.
1122 4587 1146 4629 c,
1154 4572 1200 4630 M,
1208 4572 1236 4633 ψ.
