2954 4986
257 316 324 381 218
736 333 912 386 uancrou

92 502 348 589 {gp-{gitsuum
383 494 516 560 Patrem
551 494 707 560 confitens
741 493 900 559 Dominus
937 492 1139 580 conscriptus
1166 498 1241 566 est;
1283 493 1415 558 ¹semet-

116 597 222 681 {¹33}
258 594 361 679 ipsum
379 617 448 659 esse
468 595 673 671 veraciorem,
705 617 800 681 quam
817 603 893 659 suut
914 593 948 658 hi
968 594 1022 680 qui
1043 593 1247 680 evangelium
1273 592 1416 658 tradide-

94 717 242 728 —··
258 703 334 758 runt
367 695 512 778 apostoli,
548 695 648 760 suasit
678 695 838 780 discipulis
871 694 957 770 suis;
1006 716 1072 759 non
1105 694 1320 780 evangelium,
1360 694 1413 758 sed

257 795 447 879 particulam
468 795 621 880 evangelii
647 795 778 859 tradens
803 795 858 860 eis.
911 793 1068 860 Similiter
1087 802 1199 858 autem
1219 803 1254 858 ct
1277 793 1415 878 apostoli

258 893 351 958 Pauli
368 895 519 979 epistolas
544 894 691 971 abscidit,
717 895 885 959 ²auicrcus
908 917 1104 980 quaecunque
1130 893 1304 958 manifeste
1329 894 1417 957 dicta

256 995 395 1058 suntab
419 995 577 1080 Apostolo
600 995 640 1058 de
664 1018 703 1059 eo
727 993 798 1058 Deo
817 995 871 1079 qui
895 995 1048 1058 muudum
1076 993 1164 1069 lecit,
1187 995 1343 1078 quoniam
1365 992 1416 1056 hic

257 1093 359 1158 Pater
378 1093 508 1157 Domini
525 1094 625 1159 nostri
642 1094 667 1158 J
669 1118 724 1159 esu
742 1093 871 1173 Christi,
891 1103 924 1158 et
942 1116 1138 1179 quaecunque
1155 1115 1197 1156 cx
1218 1092 1415 1178 propheticis

255 1215 435 1258 memorans
453 1194 628 1279 Apostolus
644 1195 751 1259 docuit
770 1194 1061 1279 praenunciantibus
1079 1195 1252 1257 adventum
1272 1191 1413 1257 Domini.

325 1297 357 1356 2.
393 1293 535 1357 Salutem
545 1304 653 1359 autem
665 1295 766 1358 solum
780 1294 956 1358 animarum
972 1317 1040 1358 esse
1050 1295 1201 1368 suturam,
1219 1315 1334 1357 earum
1345 1316 1415 1380 quse

256 1393 324 1479 ejus
349 1393 529 1460 doctrinam
552 1393 757 1470 didicissent3
785 1417 899 1479 corpus
920 1402 1039 1470 autem,
1056 1393 1206 1458 videlicet
1224 1393 1416 1479 quoniama

255 1504 344 1558 terre
361 1492 403 1558 sit
420 1503 592 1579 sumptum,
610 1493 820 1579 ³impossibile
835 1517 903 1558 csse
921 1492 1112 1580 participare
1123 1493 1276 1558 salutem.
1313 1493 1416 1579 Super

255 1593 484 1678 blasphemiam
511 1603 620 1658 autem
649 1617 720 1680 quae
749 1602 798 1659 cst
823 1594 856 1658 iu
887 1593 1003 1668 Deum,
1031 1593 1151 1679 adjecit
1178 1602 1213 1657 ct
1242 1593 1318 1668 hoc,
1343 1616 1416 1659 vere

256 1690 385 1758 Diaboli
403 1717 439 1757 os
463 1693 631 1778 accipiens,
649 1704 684 1758 ct
703 1695 809 1759 omnia
824 1693 986 1759 contraria
1002 1693 1109 1758 dicens
1127 1691 1280 1757 veritati:
1311 1694 1415 1758 ⁴Caiu

255 1802 289 1858 et
306 1815 360 1858 cos
378 1794 431 1881 qui
448 1793 564 1857 similes
581 1802 655 1858 sunt
673 1795 712 1869 ei,
728 1804 761 1858 et
780 1793 971 1866 Sodomitas,
988 1800 1021 1858 et
1039 1793 1225 1879 AEgyptios,
1244 1800 1281 1858 et
1299 1794 1415 1857 similes

255 1892 311 1967 cis,
331 1906 364 1958 ct
380 1916 489 1958 omnes
507 1893 635 1958 omnino
652 1901 774 1980 gentes,
794 1917 865 1980 quas
882 1894 914 1957 in
933 1893 1018 1957 omni
1037 1891 1252 1979 permixtione
1269 1893 1414 1980 maligni·

254 1992 334 2058 tatis
354 1994 607 2066 ambulaverunt,
631 1994 771 2058 salvatas
791 2017 859 2059 esse
881 2017 901 2058 a
920 1992 1068 2068 Domino,
1095 2015 1168 2057 cum
1194 1993 1415 2058 descendisset

254 2093 296 2156 ad
314 2093 441 2170 inlcros,
464 2101 497 2157 et
521 2094 731 2158 accurrissent
748 2095 788 2172 oi,
806 2102 841 2160 et
860 2094 894 2158 iu
916 2115 1008 2157 snum
1029 2093 1234 2178 assumpsisse
1252 2116 1410 2180 regnum3

254 2192 341 2256 Abel
357 2203 466 2257 autem
491 2204 526 2258 et
552 2194 674 2272 Enoch,
699 2201 733 2258 et
760 2193 844 2274 Noe,
872 2202 906 2258 et
928 2194 1065 2279 reliquos
1084 2192 1199 2278 justos,
1222 2203 1257 2259 ct
1283 2216 1338 2258 eos
1362 2193 1414 2279 qui

255 2301 331 2357 sunt
348 2315 426 2380 erga
440 2293 608 2357 Abraham
626 2293 842 2369 Patriarchas‚
861 2315 934 2358 cum
948 2294 1094 2358 omnibus
1112 2294 1296 2378 Prophetis,
1315 2304 1350 2358 ct
1367 2294 1412 2358 bis

255 2393 309 2478 qui
325 2393 513 2478 placuerunt
534 2393 616 2469 Deo,
634 2416 698 2458 uon
720 2394 927 2480 participasse
947 2394 1093 2468 salutem,
1112 2392 1166 2478 qui
1190 2393 1224 2456 in
1243 2393 1473 2463 Marcionensis

254 2493 316 2557 fuit
332 2515 462 2578 serpens
478 2493 698 2578 ⁵praeconavit.
732 2494 893 2570 Quoniam
908 2493 993 2558 enim
1009 2493 1163 2568 sciebant,
1176 2493 1294 2578 iuquit,
1309 2495 1414 2558 Deum

253 2668 280 2717 in
295 2669 432 2729 hishauds,
446 2670 503 2730 feet,
518 2671 568 2719 and
583 2671 643 2732 side,
661 2688 688 2720 as
705 2673 812 2736 aproni
858 2673 919 2737 they
940 2689 1003 2722 were
1023 2674 1159 2736 ἀνθρώπινα
1177 2674 1219 2721 καί
1241 2674 1329 2734 ψευδῆ.
1365 2671 1410 2721 Plu.

252 2753 280 2797 to
297 2750 336 2797 his
354 2750 467 2814 disciples
484 2752 541 2800 that
559 2753 597 2801 his
614 2753 681 2817 body
700 2756 728 2802 οὐ
750 2755 809 2815 φάν·
857 2768 905 2805 vu.
920 2757 958 2816 3⁸-

252 2847 336 2888 τασμα
359 2831 425 2879 ἀλλὰ
448 2837 560 2894 &captor
582 2832 618 2892 ἦν.
644 2833 736 2882 Paitoi.
757 2847 805 2883 vn.
905 2832 916 2865 ¹
940 2834 1000 2882 This
1022 2849 1073 2881 was
1094 2848 1111 2882 a
1135 2849 1268 2897 necessary
1290 2833 1412 2884 informe

253 2913 291 2975 38.
317 2913 359 2961 He
372 2919 414 2962 too
426 2914 551 2978 imagiucd
562 2932 578 2963 a
589 2916 727 2981 quadruplo
741 2919 808 2982 prin·
855 2915 920 2964 from
941 2916 984 2964 the
1006 2915 1112 2965 Gnostic
1130 2917 1219 2964 notion
1241 2916 1302 2964 that
1322 2922 1412 2964 matter

252 2995 322 3059 ciple,
342 2996 371 3044 of
384 2996 465 3058 Good,
483 2997 553 3058 Just,
576 2997 597 3046 F
599 2999 651 3063 iery
668 2999 717 3047 aud
739 3000 805 3050 Eril.
856 3014 907 3046 was
917 3014 963 3046 cuc
973 3005 1065 3046 ααίατα
1076 2998 1124 3046 evil
1131 3015 1138 3058 ;
1155 3014 1183 3046 so
1194 2999 1238 3047 the
1248 2999 1411 3047 Valentiniau

255 3076 316 3126 ibid.
855 3080 909 3129 said
925 3081 982 3129 that
998 3081 1019 3128 it
1032 3097 1083 3129 was
1099 3086 1145 3129 not
1161 3080 1271 3143 possible
1288 3083 1317 3130 rb
1333 3080 1411 3141 xo'r'rdv

301 3159 311 3191 ¹
330 3160 368 3209 Of.
380 3173 421 3210 111.
438 3175 475 3210 ra.
856 3163 974 3223 σωτηρίας
984 3163 1123 3222 μετασχεῖν.
1144 3175 1231 3224 cupra,
1246 3163 1263 3211 i.
1280 3177 1318 3212 11.
1336 3165 1412 3224 σάρκα

256 3277 258 3281 ι
301 3240 480 3307 ’Sacrilegum
507 3243 572 3292 hanc
603 3245 733 3294 audaciam
760 3247 805 3295 fre
855 3245 882 3292 dl
893 3244 921 3291 οιί
931 3246 995 3292 θέλει
1007 3245 1157 3302 ἀνίστασθαι,
1172 3243 1347 3293 numurus
1357 3259 1412 3309 says

252 3327 356 3385 quanter
367 3325 451 3385 arguit
461 3324 636 3385 Tertullianus,
654 3333 683 3374 ut
697 3327 760 3375 libro
776 3328 806 3376 dc
856 3326 884 3373 of
893 3325 1192 3389 Mmcicn,x.19,sndol
1201 3327 1314 3390 Apelles,
1323 3329 1412 3389 σάρκας

251 3417 324 3450 carne
336 3404 443 3453 cernit.-
454 3405 504 3452 Ilic
511 3407 619 3454 consiliis
629 3415 660 3455 tot
671 3408 806 3471 οσίρίηαίία

250 3484 410 3533 instrumenta
422 3486 514 3535 claui
525 3487 720 3537 &tectiorem
731 3507 806 3540 ausus

249 3572 289 3625 cst,
309 3583 340 3614 arc
360 3583 417 3615 caro
439 3569 487 3630 σράα
509 3585 566 3616 ecre
581 3571 733 3632 probaretur.
768 3574 806 3621 Eu

249 3665 306 3711 pun,
320 3667 361 3698 oro
375 3657 403 3710 te,
416 3652 572 3701 anctoritate?
600 3653 628 3701 Si
637 3655 756 3716 propheta
772 3672 802 3716 es,

246 3732 389 3794 pronuntio
408 3733 523 3797 aliquid:
545 3735 568 3783 ei
588 3735 722 3798 Apostolus,
741 3753 804 3799 paur-

856 3409 882 3456 δὲ
893 3409 1047 3456 ἀπόλλυσθαι
1056 3408 1140 3464 ὁμοίως
1147 3408 1273 3470 Μαρκίωνι
1282 3410 1359 3471 λέγει.
1372 3423 1408 3457 ao.

903 3489 1091 3538 ‘Teanenses
1107 3489 1203 3538 follows
1219 3490 1265 3540 the
1281 3490 1411 3540 tenemus

854 3572 904 3620 this
926 3587 1037 3635 passage,
1059 3570 1127 3621 οὗτος
1147 3570 1191 3620 τὸν
1212 3574 1258 3631 μὲν
1277 3574 1348 3632 Rus,
1372 3574 1408 3621 καί

854 3656 908 3704 σούς
920 3656 1054 3712 Σοδομίτας
1069 3656 1108 3702 καί
1123 3656 1178 3704 τούς
1197 3657 1410 3717 essecestram

853 3754 898 3786 πατ
930 3737 1049 3798 σωτηρίας
1082 3738 1173 3796 ἔφησεν
1210 3738 1407 3794 ἀπολελαυκέναι,

249 3813 307 3862 dica
321 3815 434 3876 publice:
450 3816 472 3864 εἰ
490 3817 646 3880 Apostolicar,
667 3836 722 3868 caan
738 3821 804 3883 Apo·
854 3819 1065 3880 προσεληλυθότας
1088 3819 1112 3865 ἐν
1130 3819 1167 3877 τῷ
1183 3818 1248 3888 'hey
1267 3817 1304 3879 τῷ
1323 3819 1410 3878 σωτῆρι

249 3894 315 3943 aoth
335 3896 412 3945 scuti:
433 3897 456 3945 ai
477 3905 572 3946 mutum
596 3900 749 3949 Christianus
770 3918 801 3960 a,
855 3901 961 3962 Χριστῷ,
990 3901 1030 3947 καί
1050 3902 1081 3948 είς
1107 3900 1152 3958 τὴν
1171 3901 1304 3962 βασιλείαν
1326 3902 1409 3958 ἀναλη-

249 3975 391 4038 mdequod
406 3978 523 4026 traditum
540 3988 579 4039 eat,
593 3984 635 4030 dc.
671 3982 706 4030 Et
718 3982 760 4032 lib.
775 3982 804 4031 dc
854 3984 951 4043 φθῆναι.
986 3982 1207 4044 ΤὸνδὲἊβὲλκαί
1219 3981 1264 4031 τὸν
1278 3983 1360 4043 Ἑνὼχ
1374 3982 1410 4029 καί

249 4056 390 4120 Proescript.
437 4059 552 4108 Marcion
573 4069 646 4111 mene
672 4071 693 4111 et
715 4064 804 4125 palerna
853 4063 897 4113 τὸν
919 4065 981 4122 Νῶε,
1007 4065 1047 4111 καί
1064 4065 1119 4112 τοὺς
1138 4065 1296 4126 πατριάρχας
1315 4083 1350 4125 τε,
1374 4064 1410 4112 καί

248 4139 376 4199 machara,
396 4156 445 4187 non
462 4141 521 4202 style
539 4158 598 4190 usuc
614 4151 662 4192 cet:
689 4146 805 4207 ραααίαια
854 4146 1017 4194 τοὺςλοίπους
1032 4147 1167 4207 προφήτας,
1185 4148 1227 4194 καί
1243 4149 1300 4196 τοὺς
1313 4148 1410 4196 δικαίους

249 4221 285 4270 cd
295 4221 422 4270 muriam
432 4238 502 4270 ouum
516 4222 602 4272 endem
616 4224 804 4287 Scriptrmcrum
854 4225 881 4274 οὑ
891 4228 1040 4286 μεταλαχεῖν
1051 4228 1093 4285 τῆς
1105 4227 1200 4276 ἐκείναις
1208 4229 1338 4288 δεδομένης
1349 4231 1408 4277 ἔλευ-

248 4303 356 4365 confecit.
374 4303 446 4352 Idem
457 4305 532 4352 ctiam
543 4307 676 4368 exprobrat
687 4306 728 4355 lib.
743 4322 765 4367 a,
779 4315 804 4356 ct
854 4308 939 4370 θερίας,
950 4311 1110 4371 προσδραμεῖν
1121 4307 1229 4370 amena
1240 4313 1408 4372 βουληθέντας.

250 4400 273 4444 4,
297 4399 319 4447 5,
344 4402 407 4450 quos
429 4386 454 4434 in
482 4386 536 4450 ejus
563 4387 667 4436 haereses
694 4389 802 4452 scripsit.
854 4387 890 4438 Οὖ
908 4391 938 4448 δὴ
953 4391 1023 4452 χάριν
1038 4393 1118 4452 φησίν,
1141 4393 1183 4440 καί
1197 4393 1330 4465 τόνᾊδην
1345 4393 1409 4442 claris

249 4464 353 4516 (lunen.
380 4468 451 4518 With
462 4468 805 4534 rcgerdtothepropbctical
854 4473 1037 4533 κατεκρίθησαν.
1072 4473 1215 4523 Hannon
1229 4486 1248 4523 1.
1262 4489 1304 4536 24.

249 4545 370 4611 writings,
388 4549 428 4600 his
446 4550 548 4616 disciple
563 4550 662 4615 Apelles
680 4551 733 4600 said
747 4552 804 4601 thet
901 4551 1084 4614 ίΡνασοτιατίί,
1094 4569 1134 4603 see
1144 4570 1171 4618 p.
1181 4566 1222 4620 97,
1237 4562 1299 4607 note
1312 4572 1337 4609 a.
