2954 4986
499 350 788 402 MAROOSIORUM.
1148 338 1213 400 123

137 530 169 598 5.
217 511 288 582 Καὶ
309 515 456 596 μαθηταὶ
487 512 521 583 δὲ
544 515 646 585 αὐτοῦ
672 545 757 590 τινες
777 512 1069 613 ιπεριπολῖζοντει
1086 514 1119 582 ἕν
1142 523 1213 590 τοῖς·
1227 525 1379 611 {digis}

1143 627 1214 695 ἑαυ.
1228 619 1376 704 bethsaniam.

10 648 24 682 t
58 623 179 706 αυτοῖς,
192 622 422 718 ἐξαπατῶντες
436 624 627 724 γυναικάρια
643 624 759 697 πολλὰ
774 625 972 726 διέφθειραν,
985 627 1129 702 τελείους

59 736 135 812 τοὺς
153 736 417 835 ἆνογορεύοντες·
443 743 483 816 ὡς
501 737 633 822 μηδενὸς
649 738 822 822 δυναμένου
838 736 1028 832 ἐξισωθῆναι
1047 746 1096 827 τῷ
1113 740 1212 829 μεγέ·

13 887 20 898 ·
61 852 108 918 θει
126 857 185 930 τῆς
205 852 353 940 γνώσεως
368 853 481 935 αὐτῶν,
496 849 570 934 μηδ’
586 850 626 921 dv
646 851 795 934 Παῦλον,
810 849 882 934 μηδ’
901 850 941 921 ἄν
956 851 1093 949 Πέτρον
1112 851 1210 944 εἴπῃς,

59 959 134 1042 μηδ’
146 960 338 1033 ἄλλοντινὰ
359 968 425 1034 τῶν
439 964 680 1034 Ἀποστόλων·
699 961 790 1033 ἀλλὰ
809 963 912 1033 πλεῖιυ
931 959 1062 1034 πάντων
1077 964 1211 1053 ἐγνωκέ-

60 1104 120 1157 ναι,
139 1073 192 1142 rai
217 1072 260 1144 τὸ
282 1076 424 1166 μέγεθος
442 1084 500 1158 τῆς
518 1077 664 1167 γνώσεως
682 1084 739 1158 τῆς
758 1076 903 1173 ἆῤῥῆτου
920 1072 1077 1158 δυνάμεως
1093 1076 1211 1157 μόνους

58 1187 339 1257 καταπετιοιιέναι.
371 1187 472 1258 Εἶναί
490 1220 529 1258 τε
555 1188 670 1264 αὖτοὺς
689 1190 722 1257 ἐν
738 1187 819 1283 ὕψει
839 1186 919 1286 ὑπὲρ
937 1190 1051 1257 πᾶσαν
1068 1185 1208 1271 δύναμιν·

59 1295 111 1367 dal
137 1299 190 1368 xci
214 1300 386 1398 ἐλευθέρως
408 1297 520 1372 πάντα
545 1297 718 1399 πράσσειν,
747 1297 884 1382 ’μηδένα
907 1301 939 1370 ἕν
961 1297 1070 1383 μηδενὶ
1094 1301 1210 1398 φόβον

57 1410 208 1504 ἔχοντας.
235 1409 302 1481 Διὰ
318 1410 388 1511 γὰρ
404 1413 465 1496 τὴν
481 1413 736 1511 3ἀπολύτρωσιν
755 1413 960 1510 ἆκρατῆτους
978 1412 1031 1482 καὶ
1047 1408 1210 1510 οἰοράτους

132 1610 163 1669 5.
190 1603 237 1669 Ει
251 1605 394 1691 discipuli
407 1615 515 1673 autem
528 1607 595 1692 ejus
610 1606 738 1693 quidam
752 1605 1029 1671 circumobversati
1041 1605 1074 1670 in
1089 1606 1209 1684 iisdem,

57 1704 244 1769 seducentes
266 1704 464 1771 mulierculas
489 1707 606 1771 multas
633 1715 852 1792 corruperunt,
876 1706 1034 1791 periectos
1062 1706 1211 1791 semetip-

56 1826 110 1868 sos
122 1811 292 1869 vocantes:
318 1805 407 1890 quasi
424 1828 516 1870 nemo
534 1806 633 1891 possit
648 1806 807 1891 exaequari
819 1804 1030 1891 magnitudini
1043 1805 1212 1892 agnitionis

56 1903 209 1987 ipsorum,
226 1925 284 1968 nec
296 1905 322 1969 si
342 1904 479 1970 Paulum
495 1914 553 1970 aut
574 1908 701 1971 Petrum
719 1905 814 1980 dicas,
832 1905 882 1969 vel
899 1904 1035 1969 alterum
1052 1905 1211 1990 quendam

56 2001 304 2086 Apostolorum:
328 2006 384 2068 sed
402 2005 471 2090 plus
487 2005 633 2070 omnibus
649 2027 683 2068 se
700 2005 890 2090 cognovisse,
909 2013 943 2069 et
961 2004 1211 2090 magnitudinem

56 2102 228 2186 agnitionis
257 2102 348 2182 illius,
375 2126 445 2190 quas
472 2113 521 2170 est
552 2105 770 2169 inenarrabilis
797 2105 932 2178 virtutis,
961 2104 1043 2168 solos
1066 2103 1210 2169 ebibisse.

57 2199 138 2266 Esse
155 2211 263 2267 autem
279 2225 314 2267 se
330 2204 362 2267 in
380 2203 549 2269 altitudine
565 2227 660 2289 super
675 2225 799 2268 omnem
818 2203 988 2269 virtutem:
1017 2210 1212 2290 quapropter

56 2309 90 2366 et
107 2300 206 2366 libere
222 2303 328 2368 omnia
340 2326 445 2390 agere,
461 2305 581 2368 nullum
597 2305 630 2368 in
647 2303 732 2367 nullo
747 2303 893 2368 timorem
910 2303 1071 2368 habentes.
1108 2303 1211 2389 Prop-

56 2410 109 2466 ter
124 2400 208 2466 cniur
225 2403 475 2488 redemptionem
501 2416 535 2469 et
558 2403 889 2488 incomprehensibiles
906 2411 940 2468 et
957 2402 1126 2468 invisibiles
1142 2403 1211 2467 fieri

55 2605 84 2653 os
103 2610 218 2654 converte
240 2605 293 2653 into
310 2605 353 2654 the
371 2606 471 2655 Ghurob
492 2607 527 2671 by
544 2607 609 2670 Bap-
659 2622 734 2670 quarn
751 2606 791 2654 hic
808 2609 834 2654 et
850 2605 924 2669 paulo
941 2610 997 2669 post
1013 2610 1141 2664 memorat,
1161 2620 1211 2652 cer-

57 2687 124 2746 tism,
145 2687 230 2750 partly
247 2687 299 2735 also
314 2687 340 2735 in
357 2687 400 2736 the
422 2688 541 2737 indiction
559 2687 609 2736 and
658 2691 711 2736 tam
729 2687 848 2735 orationis
871 2686 1002 2735 fonnulam
1025 2686 1210 2750 intelligendam

56 2768 167 2816 removal
183 2769 212 2816 of
224 2768 346 2832 temporal
357 2785 458 2818 censure
473 2769 522 2817 and
534 2770 607 2817 inter·
658 2782 717 2827 csse,
737 2783 787 2815 non
804 2767 877 2815 modo
893 2767 946 2830 ipse
963 2765 1052 2814 Irenaei
1069 2771 1208 2826 contextus,

57 2852 117 2900 dict
151 2850 194 2899 No
212 2851 283 2899 other
299 2866 382 2914 power
398 2852 426 2899 of
440 2851 545 2914 binding
559 2851 608 2899 and
658 2849 683 2896 in
704 2863 753 2911 quo
772 2849 892 2911 sequitur,
917 2847 936 2895 ὠ
959 2849 1061 2909 πάρεδρε
1083 2850 1144 2896 θεοῦ
1166 2849 1209 2897 dcc.

58 2933 156 2995 loosing
168 2948 220 2981 was
241 2931 345 2980 claimed
362 2932 396 2996 by
413 2934 455 2981 the
478 2934 609 2982 Primitive
658 2928 774 2988 ostendit,
789 2928 832 2975 sed
843 2932 868 2975 ct
878 2927 897 2975 ,J
899 2926 979 2974 udaiei
990 2927 1053 2974 ritus
1064 2928 1127 2975 ratio
1139 2927 1212 2989 plane

58 3013 167 3062 Chureh.
658 3010 796 3069 confirmat,
813 3024 889 3072 quam
906 3024 937 3056 ex
952 3007 1010 3055 Viri
1027 3008 1102 3066 docti,
1121 3008 1212 3056 Jacohi

107 3078 334 3140 1περιτολιζονιει,
355 3080 430 3142 poissy
451 3080 522 3128 αὸουι
545 3078 607 3141 idly.

58 3160 174 3209 &trenna
193 3166 281 3224 quotes
298 3162 342 3210 the
356 3161 438 3209 words
453 3162 482 3209 os
495 3161 606 3220 Susino,

58 3245 108 3290 τῶν
123 3244 330 3304 τεριτολιζὸντων,
351 3246 390 3292 καὶ
407 3246 499 3305 σχολὰς
511 3246 610 3292 διατιθε·

57 3326 141 3382 μένων.
168 3339 205 3383 14.
219 3341 245 3389 p.
259 3323 315 3387 675.

107 3403 119 3435 ²
134 3405 305 3454 Hirronrws
316 3422 373 3470 says
389 3406 432 3454 the
448 3422 515 3454 same
528 3406 557 3453 of
568 3407 610 3453 the

57 3488 178 3536 lollowers
195 3489 223 3536 of
238 3488 322 3536 Simon
339 3488 439 3551 Magus,
460 3490 609 3548 λέγοντες...

59 3573 99 3618 sul
115 3572 144 3619 τὸ
161 3573 228 3630 ἅγιοι
246 3570 482 3630 ἁγιων...λλη..,δι
494 3571 610 3630 decoctis

59 3667 129 3698 σεται
140 3648 196 3712 [ic.
210 3649 324 3713 perhaps,
343 3652 383 3697 καὶ
400 3651 435 3709 τὸ,
450 3650 519 3711 ἅγιος
537 3651 611 3709 ἁγίων

57 3731 199 3789 μελήσεται,
213 3729 246 3778 υἷι
257 3728 456 3792 dynastiones]
474 3732 501 3779 οὐ
515 3732 564 3791 γὰρ
577 3732 611 3789 μὴ

59 3812 198 3872 κρατεῖσθαι
220 3811 304 3859 αὐτοὺς
327 3812 368 3858 ἐπὶ
394 3812 441 3858 τινι
469 3812 611 3871 νομιζομένῳ

58 3897 132 3953 κακῷ,
146 3897 309 3955 λελύπρωντοι
320 3895 375 3955 γάρ.

107 3975 118 4007 ³
135 3976 230 4024 Garun
246 3975 335 4039 adopts
351 3975 393 4022 the
409 3975 464 4022 idea
481 3975 509 4022 ol
528 3974 611 4022 Rhen-

57 4057 119 4116 fcrd,
132 4057 189 4105 that
206 4056 248 4104 the
265 4057 431 4117 ἀπολύτρωσις
446 4056 474 4103 el
488 4056 530 4103 the
542 4055 610 4103 Mar·

57 4138 155 4187 cosia-ns
168 4138 293 4186 consisted
305 4138 399 4201 merely
413 4139 440 4185 in
456 4139 506 4185 this
522 4139 611 4202 impre-

57 4226 113 4268 cato
160 4219 274 4278 formula,
294 4220 352 4268 that
366 4236 418 4267 was
432 4220 568 4282 analogous
583 4226 610 4268 to

659 3086 1212 3151 RhenferdiiDisputationedeRedcmptione

660 3169 841 3218 Marcosiorum
858 3173 883 3216 et
900 3166 1131 3214 Heracleonitcrum
1145 3166 1158 3223 ἕ
1170 3180 1209 3214 nr.

659 3251 807 3314 explicatam
828 3247 901 3296 dabo.
936 3247 1040 3295 Habent
1056 3246 1149 3294 scilicet
1165 3246 1212 3295 Ju-

659 3333 706 3381 daei
717 3331 849 3380 formulam
860 3329 986 3394 quandam
999 3328 1155 3392 precationis,
1172 3328 1212 3376 vel

659 3411 812 3475 confessionis
825 3412 917 3476 potius,
931 3427 1006 3474 quarn
1023 3410 1134 3473 precibus
1151 3425 1210 3473 quo·

660 3495 759 3543 tidiauia
776 3495 933 3552 interserunt,
954 3508 1005 3555 qua
1020 3492 1102 3540 Deum
1121 3491 1150 3540 0.
1170 3491 1209 3540 M.

660 3576 791 3624 Vindicem
809 3591 883 3623 suum
905 3579 931 3623 et
953 3573 1128 3622 Redemtorcm
1150 3573 1210 3621 cele·

660 3657 751 3716 uranu
768 3656 834 3705 unae
845 3672 899 3704 eam
913 3627 996 3706 nbis:
1009 3655 1113 3715 mun,
1128 3653 1153 3702 n
1164 3659 1210 3715 aa,

660 3737 834 3786 liberationes
845 3737 884 3785 vel
895 3735 1211 3799 Redenahaemappollanh

659 3820 700 3868 cui
711 3823 808 3867 tantam
819 3819 872 3866 vim
888 3817 1010 3877 tribuunt,
1028 3822 1058 3866 ut
1073 3817 1095 3865 si
1111 3817 1167 3880 quis
1183 3833 1213 3865 ea

659 3901 706 3947 rite
718 3904 811 3958 utatur,
824 3899 860 3946 illi
870 3914 939 3962 spem
950 3902 1043 3945 certam
1053 3897 1147 3945 faciant
1155 3898 1211 3945 bes·

660 3980 753 4028 tudinis
764 3986 870 4028 aeternae.
906 3978 996 4027 Codice
1007 3978 1154 4038 Berachoth,
1167 3978 1210 4027 fol.

660 4080 683 4120 4.
708 4062 798 4110 colum.
824 4076 845 4110 a.
869 4063 900 4126 ἶ)
925 4062 1001 4111 h'll’tt
1020 4061 1085 4125 lll'll'
1103 4061 1130 4109 ’Ἰ
1149 4061 1212 4108 ebt<

661 4117 758 4225 aheni
779 4119 844 4196 bis:
862 4147 956 4210 acina
984 4147 1014 4224 ro
1034 4146 1096 4194 sna
1123 4117 1211 4262 clepa

661 4213 732 4261 Dicit
747 4215 778 4263 R.
791 4213 929 4264 lohannes:
948 4214 1008 4272 Quis
1023 4221 1055 4261 cst
1072 4214 1160 4268 l'llh'tll
1196 4214 1204 4234 ⁸

57 4303 100 4350 the
113 4304 132 4351 ΓΙ
152 4304 198 4353 itt:
210 4317 239 4349 or
251 4301 432 4364 thanlmgiving
448 4301 487 4348 for
498 4301 563 4348 their
576 4317 610 4348 re
654 4295 724 4356 filius
739 4296 812 4344 coculi
822 4295 927 4356 fctum
948 4277 1087 4356 Quicunqie
1101 4295 1212 4356 procidus

57 4380 186 4442 demption
199 4379 264 4426 from
277 4378 371 4442 Egypt,
384 4379 441 4426 that
456 4394 507 4426 was
521 4378 611 4426 offered

659 4378 797 4440 cmpcrtinis
810 4378 930 4441 mljurcfyit
941 4376 1122 4425 Ιέυιίεπιιίοιιευι.
1159 4376 1212 4424 Ubi

57 4478 92 4525 up
115 4462 188 4525 night
207 4461 256 4509 and
278 4461 395 4523 morning
416 4461 449 4524 by
469 4460 512 4508 the
533 4461 610 4509 Jews.
660 4475 720 4508 voce
742 4460 902 4508 llcdemtiouir
918 4460 956 4506 vcl
973 4457 1133 4506 Isidcrctc'onic
1151 4457 1211 4505 nihil

57 4543 100 4591 He
110 4559 168 4606 says
185 4543 211 4590 in
226 4543 264 4591 his
279 4548 345 4601 note,
360 4542 408 4590 Per
420 4541 608 4604 suscapientes,
660 4542 727 4590 alind
739 4542 892 4605 intelligitur,
909 4557 984 4604 quam
1001 4539 1108 4587 formula
1123 4539 1153 4587 dc
1169 4539 1212 4588 illa
