2954 4986
500 341 551 394 aa
577 344 815 400 nuruuirnsr.
1172 328 1232 392 281

85 496 154 563 Nus
169 507 258 584 pater
271 502 308 565 lit
324 496 461 565 Ennoiae.
507 501 774 582 Quemadmodum
789 494 893 566 autem
908 510 941 567 et
955 494 1087 567 emissus
1104 507 1153 565 est
1169 499 1239 564 Nus
1259 518 1312 559 ma
1317 518 1351 604 1ιι
1359 528 1397 559 xv.

83 623 103 665 a
133 603 316 688 Propatorc,
347 604 399 690 qui
429 604 629 690 principalem
658 613 691 668 et
720 605 853 690 primum
880 608 948 692 ejus
976 628 1047 691 quae
1075 614 1124 670 est
1152 603 1238 669 intus
1259 593 1395 698 ‘fflbt'fl’

82 705 281 770 absconditae'
291 715 323 770 et
339 706 498 770 invisibilis
518 706 689 771 affectionis
704 708 806 771 locum
826 709 983 774 continet?
1004 730 1025 772 a
1047 730 1109 794 qua
1128 729 1238 772 sensus
1258 766 1266 771 .
1290 705 1335 743 ¹¹¹*
1345 705 1363 744 ¹·

82 818 259 894 generatur,
276 820 308 875 et
328 811 460 889 Enuoia,
485 818 517 874 et
537 810 749 896 Enthymesis,
771 821 803 876 et
825 813 897 890 alia,
913 835 983 899 quae
1004 835 1066 876 non
1085 812 1147 876 alia
1164 820 1238 878 sunt

84 923 198 997 praeter
228 915 321 990 Nun;
351 916 406 979 sed
436 915 518 978 illius
544 915 650 1000 ipsine,
677 917 936 1000 quemadmodum
966 915 1174 1002 praediximus,
1198 916 1239 979 de

83 1015 187 1101 aliquo
202 1016 373 1103 incogitatu
382 1017 540 1102 dispositae
555 1016 738 1102 qualeslibet
752 1017 919 1091 motiones;
934 1018 1105 1081 secundum
1121 1020 1240 1102 ¹perse·

84 1119 274 1182 verationcm
289 1127 322 1183 et
336 1129 549 1206 augmentum,
566 1141 627 1183 non
643 1119 813 1183 secundum
827 1119 1076 1184 immutationem
1091 1117 1240 1184 vocabula

84 1219 284 1304 accipientes,
305 1230 338 1285 et
363 1222 396 1284 in
419 1221 630 1307 cognitionem
652 1221 899 1298 coutemninatse,
923 1230 957 1285 et
979 1222 1012 1285 in
1034 1223 1161 1286 verbum
1186 1232 1238 1286 ooss

84 1323 218 1400 emissas,
244 1344 338 1389 sensu
364 1333 508 1388 manente
532 1323 617 1388 intus
640 1331 672 1386 et
697 1324 860 1401 condente,
883 1333 916 1388 et
938 1322 1185 1402 administrante,
1206 1332 1240 1388 et

84 1425 278 1508 gubernante
293 1426 386 1490 libere
400 1435 433 1490 et
448 1448 487 1490 ex
501 1447 560 1490 sua
572 1432 738 1512 potestate,
754 1425 1015 1511 quemadmodum
1030 1434 1063 1490 et
1078 1426 1152 1505 vult,
1169 1449 1239 1513 quae

86 1529 236 1612 praedicta
251 1539 335 1596 sunt.

152 1636 182 1697 2.
230 1634 338 1699 Prima
360 1635 442 1700 enim
469 1636 566 1700 motio
590 1637 658 1723 ejus
685 1636 724 1700 de
749 1636 862 1722 aliquo,
889 1636 1019 1701 ²ennoia
1047 1635 1240 1722 appellatum

85 1757 286 1819 perseverans
304 1747 409 1802 autem
430 1749 463 1803 at
482 1749 585 1817 aucta,
601 1749 634 1804 et
655 1740 829 1805 universam
844 1739 1079 1825 apprehendens
1092 1741 1240 1819 animam,
1308 1792 1313 1798 .

86 1840 278 1924 enthymesis
300 1851 436 1907 vocatur.
493 1843 575 1908 Haec
598 1851 704 1908 autem
726 1842 917 1928 enthymesis
938 1843 1070 1907 multum
1093 1843 1242 1928 temporis

86 1943 204 2007 faciens
226 1944 259 2006 in
285 1945 404 2021 codem,
429 1954 462 2010 et
484 1945 567 2009 velut
597 1946 738 2031 probata,
763 1945 901 2009 sensatio
934 1945 1121 2010 nominatur.
1159 1944 1241 2029 llaec

85 2055 192 2110 autem
207 2048 343 2111 sensatis
359 2050 391 2111 in
406 2048 537 2112 multum
547 2047 685 2125 dilatata,
696 2047 948 2112 consiliumlacta
958 2055 1022 2121 est;
1038 2056 1241 2132 augmentum

86 2158 241 2214 autemst
259 2159 364 2214 motus
384 2149 417 2213 in
438 2151 569 2214 multum
590 2150 738 2214 dilatatus
759 2149 889 2228 consilli,
906 2149 1104 2236 cogitationis
1125 2150 1242 2215 exami-

87 2255 191 2319 natio:
216 2276 286 2340 quae
301 2254 395 2319 etiam
410 2254 442 2318 in
457 2263 561 2318 mente
582 2275 790 2340 perseverans,
805 2254 932 2318 verbum
949 2253 1122 2317 rectissime
1135 2247 1242 2340 appelss

87 2358 218 2432 labitur;
242 2380 282 2421 ex
308 2380 369 2444 quo
387 2357 576 2422 ³emissibilis
598 2355 752 2421 emittitur
774 2356 910 2419 verbum.
948 2354 1057 2418 Unum
1080 2364 1186 2419 autem
1209 2364 1243 2420 et

87 2462 171 2526 idem
191 2470 241 2526 est
262 2461 367 2526 omnia
381 2481 452 2546 quae
474 2460 626 2546 praedicta
646 2467 731 2536 sunt,
746 2480 767 2522 a
782 2458 833 2522 No
855 2457 979 2522 initium
999 2456 1193 2543 accipientia,
1209 2466 1242 2523 et

86 2565 256 2628 secuudum
272 2572 472 2650 augmentum
487 2562 679 2628 assumentia
692 2561 925 2647 appellationes.
972 2561 1241 2643 Quemadmodum

86 2675 121 2731 et
135 2688 246 2753 corpus
266 2668 410 2745 hominis,
426 2667 591 2753 aliquando
606 2665 731 2752 quidem
752 2663 915 2742 novellum,
931 2663 1097 2750 aliquando
1116 2664 1242 2750 quidem

88 2768 184 2845 virile,
206 2769 373 2855 aliquando
398 2777 503 2832 autem
530 2767 638 2846 senile,
661 2767 832 2831 secundum
862 2774 1066 2852 augmentum
1087 2775 1121 2831 et
1139 2788 1241 2852 perse-

88 2871 258 2935 verantiam
286 2871 409 2957 accepit
433 2869 666 2956 appellationes,
694 2869 838 2934 sednon
863 2869 1034 2933 secuudum
1057 2870 1242 2934 substantiae

87 2974 341 3053 demutationem,
357 2996 458 3060 neque
475 2973 646 3038 secundum
665 2972 801 3058 corporis
819 2972 1036 3036 amissionem:
1060 2972 1106 3036 sic
1128 2979 1161 3035 et
1181 2972 1242 3040 illa.

89 3077 141 3141 De
158 3099 220 3163 quo
243 3076 327 3141 enim
349 3077 418 3163 quis
435 3076 696 3162 ⁴contemplatur,
722 3076 762 3138 de
788 3096 825 3138 eo
842 3083 875 3139 et
898 3074 1038 3161 cogitat:
1062 3081 1095 3138 et
1118 3074 1158 3138 de
1181 3096 1243 3160 quo

87 3179 217 3266 cogitat,
232 3179 271 3243 de
289 3179 349 3244 hoc
367 3188 400 3244 et
417 3179 518 3265 sapit:
542 3179 581 3243 de
603 3201 664 3265 quo
686 3186 792 3242 autem
811 3185 843 3242 et
860 3177 954 3261 sapit,
973 3176 1012 3241 de
1035 3176 1095 3241 hoc
1117 3184 1150 3241 et
1168 3199 1242 3242 con·

86 3283 226 3347 siliatur:
246 3292 278 3347 et
294 3283 375 3369 quod
390 3283 578 3359 consiliatur,
594 3283 654 3347 hoe
668 3290 701 3346 et
712 3281 817 3345 animo
832 3288 965 3345 tractat:
990 3287 1022 3344 et
1040 3280 1122 3366 quod
1137 3279 1242 3346 animo

87 3392 213 3461 tractat,
243 3384 303 3449 hoc
332 3394 365 3449 et
393 3385 538 3471 loquitur.
584 3383 665 3448 Haeo
699 3392 805 3448 autem
837 3382 952 3460 omnia,
982 3381 1242 3466 quemadmodum

87 3486 232 3565 diximus,
250 3487 319 3551 Nus
332 3488 495 3574 gubernat,
511 3509 581 3550 cum
596 3486 639 3551 sit
653 3486 719 3572 ipse
738 3484 908 3563 invisibilis,
925 3492 957 3549 et
970 3505 991 3548 a
1004 3483 1173 3570 semetipso
1187 3505 1244 3570 per

137 3692 146 3724 ¹
165 3696 228 3743 κατὰ
240 3695 352 3753 διαμονὴν
363 3696 402 3743 rol
415 3697 519 3755 αὔξησιν.
690 3695 760 3745 τὸν...
768 3694 842 3757 λόγον
853 3695 920 3755 ὄντα,
934 3688 963 3742 od
974 3693 1022 3741 πᾶν
1033 3693 1101 3755 γένος
1112 3694 1244 3757 ἀνθρώπων

135 3773 216 3824 ²Ths
234 3776 360 3840 following
378 3791 436 3841 may
451 3778 482 3826 be
498 3775 640 3826 considered
689 3779 803 3838 μέτεσχε,
824 3777 864 3826 nal
887 3778 909 3825 ot
931 3779 995 3836 μετὰ
1015 3777 1092 3837 λόγου
1111 3776 1244 3839 pedestres

86 3862 114 3905 to
133 3857 164 3905 bs
183 3859 342 3907 consecutive
364 3865 431 3921 steps
453 3860 478 3906 in
496 3858 540 3907 ths
558 3859 640 3908 evolu·
690 3860 830 3924 Χριστιανοί
849 3860 902 3919 εἱσι,
926 3856 970 3921 κᾷν
991 3859 1056 3908 ἄθεοι
1073 3860 1242 3924 ἐνομίσθησαν,

86 3939 140 3987 tion
156 3939 185 3986 ol
198 3940 534 4003 htyorasapsychological
550 3940 638 4004 entity.
690 3943 747 3998 olor
760 3944 784 3992 ἐν
801 3943 908 4002 Ἕλλησι
929 3942 973 4001 μὲν
995 3942 1133 4003 Σωκράτης,
1159 3945 1241 3992 mah.

86 4020 194 4080 Ennoia,
219 4020 355 4082 conception
361 4039 372 4075 ;
402 4020 569 4084 Enthymesis,
601 4021 639 4068 ia-
689 4023 762 4085 Apol.
775 4035 793 4071 1.
807 4020 846 4083 46.

85 4103 193 4158 temimu
218 4102 340 4162 Senaatio,
359 4102 475 4164 thonqtr,·
492 4102 637 4163 Consilium,
738 4101 749 4135 ⁸
779 4103 920 4154 mriaaidilia.
973 4102 1026 4154 'l'he
1059 4103 1188 4168 authority
1217 4101 1247 4152 of

85 4184 235 4245 nasaniam
268 4183 434 4246 Cogitationis
468 4183 637 4243 Examinatio,
690 4185 766 4235 MSS.
793 4186 814 4234 is
842 4184 947 4250 entirely
970 4187 995 4234 in
1023 4185 1113 4234 favour
1139 4184 1168 4232 ol
1192 4185 1244 4233 this

79 4266 226 4327 judocum&
242 4268 268 4314 in
281 4267 369 4314 Mente
380 4266 641 4328 perseverancntyos
689 4267 750 4317 salse
767 4265 881 4327 concord,
906 4266 950 4315 the
967 4266 1102 4317 translator
1122 4281 1150 4313 as
1172 4267 1245 4315 usual

87 4350 232 4407 ἐνδιάθετος;
257 4349 398 4397 Enrissibile
417 4348 538 4407 Verbum,
562 4349 640 4407 Abyor
688 4345 816 4412 following
834 4349 876 4397 the
891 4348 982 4407 Greek,
998 4346 1044 4395 via
1064 4347 1136 4406 λόγος
1153 4356 1242 4408 apopo-

87 4432 238 4492 προφορικὸς,
273 4431 354 4494 Rigbt
369 4445 457 4479 reason
472 4430 494 4478 is
509 4428 602 4493 spoken
615 4427 644 4476 of
688 4430 759 4492 ρικός.

86 4512 121 4576 by
140 4513 239 4560 lusum
261 4528 288 4561 aa
310 4510 419 4576 inspired
441 4512 476 4575 by
493 4511 535 4559 the
545 4574 547 4579 y
557 4510 641 4558 divine
738 4509 749 4541 ⁴
766 4508 843 4559 Codd.
858 4508 957 4558 Cannu.
971 4507 1180 4557 andVoss.bave
1191 4524 1244 4557 con·

87 4592 180 4656 logos,
196 4593 240 4642 the
256 4593 321 4657 light
336 4594 365 4642 of
380 4592 498 4642 Heathen
513 4592 572 4642 wisa
583 4607 641 4641 men
689 4591 820 4658 temptatus
831 4599 873 4642 cat.
898 4591 996 4647 Mnus.
1006 4602 1031 4640 r.
1039 4602 1076 4643 u.
1085 4589 1266 4638 asabiam.

80 4675 163 4721 hathra
178 4675 220 4722 the
230 4674 324 4725 advent
336 4676 368 4725 os
375 4676 468 4727 Christ.
507 4680 554 4729 Τὸν
566 4679 643 4742 Χρισ·
694 4675 887 4741 resumpturus.
