2954 4986
364 364 471 417 mum
492 365 658 418 sncuum
676 365 827 418 courum·
844 367 1037 421 mausus.
1213 357 1279 425 247

238 527 241 533 .
1226 506 1238 535 P
1271 529 1275 538 .

160 506 271 626 XXIX.
314 568 450 636 Quom'om
464 569 488 622 ει·
501 569 532 623 e'u
545 585 605 623 eum
620 569 766 640 depositum
778 571 878 642 J'ue'uet
892 587 985 635 oerum,
1000 588 1055 624 mou
1065 572 1193 641 potue'uet
1239 506 1269 537 ⁴⁰

356 656 525 726 {quorureeo
539 673 600 727 quoe
614 665 676 711 mut
689 672 770 727 ouper
779 673 840 710 eum
891 698 897 710 .
989 694 996 709 .
1086 695 1093 711 .
1184 698 1190 711 .
1226 663 1278 717 317

170 776 266 832 XXX.
317 775 454 844 Quomodo
474 778 615 832 coutrart'a
637 778 668 832 de
689 777 783 831 Matre
804 786 827 831 et
848 778 923 833 labe
944 780 999 851 ejuo
1018 780 1129 835 comitia
1148 781 1192 836 do-

355 871 492 917 ereueruut
595 904 1188 922 .......
1225 873 1278 923 318

161 982 274 1038 XXXI.
315 983 395 1050 Quod
409 1000 490 1054 aequo
503 985 635 1055 conceptio
649 1002 730 1055 motu
743 985 877 1055 ueneratio
892 987 1095 1060 reminusuerr't
1182 1028 1189 1042 .
1226 995 1278 1046 319

153 1104 278 1158 XXXII.
314 1104 449 1171 Quom'am-
466 1104 651 1158 exeolute'ouem
672 1104 878 1159 Parabolarum
900 1106 1082 1180 impropria-m
1104 1117 1128 1162 et
1148 1109 1191 1163 irt-

356 1191 675 1263 omtuem'mutemfiotiouie
689 1193 897 1266 suasorium.
987 1234 993 1246 .
1084 1235 1090 1248 .
1182 1238 1187 1249 .
1226 1201 1276 1252 321

144 1310 286 1364 XXXIII.
313 1310 431 1365 Oeteum'o
452 1312 524 1382 quod
541 1328 595 1364 uuo
610 1329 683 1365 ouuo
700 1329 755 1365 nou
765 1312 962 1383 proecouaoemt
983 1313 1120 1368 Dominus
1130 1324 1191 1386 poet

356 1398 537 1468 baptismum
555 1398 601 1452 red
614 1415 718 1452 omnem
732 1399 851 1453 babut'oee
864 1407 970 1453 <etatem
1083 1442 1089 1454 .
1182 1442 1188 1455 .
1224 1407 1276 1458 328

145 1517 284 1571 XXXIV.
314 1518 450 1584 Quomodo
463 1519 610 1575 deotruu'tur
624 1520 671 1591 qui
685 1529 721 1574 oet
732 1521 762 1574 do
774 1520 892 1574 uumert'e
907 1520 1028 1591 ipeomtm
1039 1532 1062 1577 et
1075 1524 1191 1577 nomimi-

354 1606 402 1659 buo
415 1623 500 1660 termo
592 1647 1185 1663 .......
1224 1616 1277 1666 332

156 1724 278 1779 XXXV.
314 1725 450 1793 Quoniam
463 1728 606 1781 seeundum
626 1727 723 1798 Lepem
739 1743 820 1798 meque
837 1727 975 1798 imapum,
994 1744 1076 1798 reque
1087 1730 1191 1802 fipurae

354 1813 482 1868 metatum
508 1813 690 1869 Plenitude'm'e
714 1814 843 1885 iptorum,
867 1814 913 1868 oed
939 1830 985 1868 meo
1008 1816 1110 1887 fipuroe
1141 1834 1191 1872 eree

351 1910 463 1971 poemat
497 1940 1186 1958 ........
1223 1909 1276 1963 337

148 2016 286 2070 XXXVI.
316 2017 452 2084 Quomodo
476 2018 562 2072 omm'e
583 2035 710 2072 uumerus
735 2027 854 2073 comtore
872 2026 957 2090 potoet
977 2036 1008 2073 eo
1032 2018 1191 2091 sumptura,
1235 2028 1240 2037 '

353 2113 378 2158 ot
397 2114 476 2176 typus
490 2105 544 2159 diet
558 2107 643 2158 omm'o
658 2106 817 2175 arpumeute'.
854 2106 897 2159 De
914 2106 1011 2170 diebm,
1026 2116 1050 2160 et
1067 2108 1147 2172 borio,
1166 2117 1190 2163 et

355 2193 494 2257 monibus,
505 2201 529 2246 et
540 2192 682 2257 voeabula,
693 2202 717 2245 et
725 2192 849 2263 syllabu5
862 2194 893 2246 de
900 2192 996 2257 Amen,
1005 2202 1028 2247 et
1040 2194 1190 2265 uomtpmta

356 2296 448 2332 nouem
471 2279 570 2344 ouibem,
596 2297 628 2332 eu
653 2279 747 2349 quibus
772 2297 829 2332 uua
849 2280 933 2349 periit
956 2289 980 2334 et
1004 2281 1112 2334 quenta
1132 2291 1188 2343 um

355 2373 378 2418 et
393 2365 521 2435 quonium
535 2383 589 2419 uon
600 2366 684 2436 pouit
699 2375 819 2420 corutum
830 2383 881 2436 per
894 2384 1018 2421 numeros
1032 2367 1129 2421 ueritus
1179 2409 1185 2422 .
1223 2374 1275 2425 338

137 2480 292 2535 XXXVII.
314 2483 432 2537 Ooteueio
451 2485 523 2554 quod
544 2501 588 2538 neo
606 2485 750 2538 eeouudum
761 2486 891 2555 formam
911 2485 1075 2539 Pleromatis
1097 2504 1189 2540 eorum

346 2572 430 2643 sueto
443 2571 506 2636 εἰπε,
525 2588 585 2641 quoe
591 2572 675 2644 sueto
689 2580 760 2637 euut,
778 2588 860 2643 aeque
875 2590 972 2626 rursus
988 2589 1056 2626 ooue
1070 2581 1093 2626 et
1103 2583 1188 2645 prout

353 2657 435 2711 euertit
494 2698 1185 2716 ........
1222 2666 1275 2716 342

131 2776 301 2831 XXXVIII.
313 2778 431 2833 Oetoum‘o
443 2779 571 2849 quouiam
584 2778 748 2851 Demiurpta
757 2796 811 2833 uon
821 2779 856 2834 m't
865 2780 1086 2850 ouperpreou'bile'e
1097 2790 1189 2846 orente,

353 2883 434 2937 tuque
448 2883 528 2937 super
541 2883 601 2920 eum
616 2867 731 2921 alteram
746 2866 910 2921 diuinitatem
925 2883 976 2921 eeee
1080 2910 1085 2920 .
1177 2909 1184 2921 .
1221 2873 1274 2925 344

145 2983 286 3037 XXXIX.
312 2985 386 3053 Quid
399 2985 433 3039 eit
451 2986 523 3056 quod
536 3003 554 3038 a
568 2986 661 3040 Paulo
676 2987 777 3040 dietum
791 2996 835 3050 eet,
851 2986 969 3041 Scantio
983 2987 1071 3057 Iuflot,
1085 2987 1187 3042 dileetio

353 3081 442 3126 autom
457 3073 573 3144 oedt'fiout
689 3112 1183 3127 ......
1220 3079 1273 3128 343

180 3192 243 3247 XL.
310 3192 447 3260 Quomodo
462 3202 563 3264 oportet
577 3192 732 3247 Paraboluo
747 3193 843 3247 mooloe'
889 3230 895 3243 .
986 3233 991 3243 .
1082 3232 1088 3245 .
1178 3196 1274 3250 .347

174 3312 252 3366 XLI.
312 3312 449 3379 Quoniam
464 3329 567 3366 omnem
587 3312 749 3383 monitionem
763 3330 819 3366 mou
830 3328 971 3383 pommuuo
985 3312 1078 3367 babere
1093 3312 1124 3366 e'u
1137 3313 1187 3367 bae

352 3399 426 3452 uita:
449 3408 480 3462 et,
495 3417 555 3469 queo
569 3407 633 3453 mmt
647 3416 707 3469 qua
724 3418 743 3452 a
757 3400 831 3453 uobie
842 3408 954 3469 poeouut
968 3399 1072 3464 mooluu
1088 3409 1113 3454 et
1128 3417 1188 3470 qua

352 3495 414 3540 mm
429 3504 489 3556 quoe
504 3486 678 3540 remittuntur
693 3486 751 3541 Deo
758 3485 926 3560 fabricatori
981 3525 987 3539 .
1079 3526 1084 3538 .
1176 3527 1183 3540 .
1220 3491 1272 3545 349

166 3615 259 3670 XLII.
310 3617 428 3672 Oeteueio
443 3616 570 3688 quoniam
582 3618 642 3670 Nuo
653 3618 750 3687 Lopm,
761 3626 785 3672 ot
795 3618 883 3689 Lepos
895 3618 963 3681 Nus,
975 3627 998 3671 et
1012 3617 1073 3671 Nue
1083 3616 1137 3686 u'poe
1150 3626 1187 3671 eut

350 3704 437 3757 Pater
451 3705 588 3757 ommium.-
611 3706 740 3773 quomodo
754 3706 786 3757 de
799 3705 978 3759 emissionibus
991 3721 1083 3758 eorum
1101 3720 1185 3757 termo

351 3791 462 3844 ostendit
476 3791 590 3845 Patrem
604 3791 786 3861 compositum,
798 3801 821 3845 et
834 3809 889 3845 uou
902 3790 1055 3863 simplicem,
1067 3807 1112 3843 meo
1123 3790 1185 3844 uru'·

344 3879 483 3950 sormam:
505 3886 537 3942 et,
557 3876 685 3947 quom’am
704 3896 759 3930 mou
779 3886 814 3931 aot
832 3878 979 3941 ueriuimiIa
999 3878 1116 3931 Verbum
1134 3876 1187 3931 Det'

352 3964 460 4018 tertiam
474 3965 567 4018 habere
582 3982 600 4016 o
615 3964 701 4017 Patre
715 3964 876 4018 emr'miouem
980 4006 985 4016 .
1078 4005 1083 4016 .
1175 4005 1181 4017 .
1219 3969 1271 4021 ³⁶3

158 4090 265 4146 XLIII.
312 4091 448 4158 Quomodo
460 4092 595 4145 Dominus
615 4092 740 4161 quaedom
755 4092 870 4146 concedit
883 4093 973 4155 Patri,
989 4100 1012 4146 et
1028 4108 1088 4162 outo
1102 4108 1185 4145 eausa

352 4187 388 4232 eet
406 4187 518 4249 proptor
536 4196 618 4249 quom
634 4178 704 4231 dt'om
722 4188 745 4232 et
760 4179 855 4232 boram
873 4198 891 4231 o
908 4179 1010 4234 uemr'ue
1027 4179 1111 4232 altero
1125 4195 1184 4248 eop-

352 4265 424 4319 rtoeet'
436 4266 484 4329 at't,
497 4265 550 4319 ut'm'
561 4283 580 4317 a
591 4265 645 4318 tolo
657 4265 744 4318 Patro
785 4304 1180 4319 .....
1218 4264 1270 4318 366

162 4383 267 4438 XLIV.
553 4384 596 4437 De
610 4393 713 4437 matura
728 4385 836 4437 ouimae.

315 4470 450 4536 Quom’om
466 4471 610 4524 secuudum
630 4470 741 4524 illorum
760 4487 913 4531 termonem,
931 4487 991 4523 eum
1009 4470 1108 4522 amima
1129 4484 1183 4521 sttb

353 4566 455 4621 tuentur,
471 4574 567 4613 outcome
578 4567 614 4612 oet
628 4568 652 4613 et
670 4575 785 4629 corporo
800 4558 972 4629 participum
986 4555 1104 4610 solutum
1189 4591 1196 4605 .
1227 4558 1289 4603 'tum

1078 4653 1212 4714 XVI-⁸¹
