2954 4986
538 339 796 395 BLASPIIEMIA.
850 374 861 389 ι
957 290 988 371 l·
1016 336 1050 375 ·'
1103 356 1108 363 ¹

89 490 282 570 Potestates‚
304 492 429 581 Angeli,
447 493 649 583 Archangeli,
668 495 917 574 Dominationes,
935 495 1090 574 Virtutes,
1106 518 1162 581 per
1180 495 1245 583 spi·
1260 515 1314 556 ιιι
1323 516 1351 555 n.
1358 516 1409 556 uo.

32 594 211 661 maritalem
235 596 421 676 enixionem,
446 599 547 685 ¹quod
579 598 1005 686 semetipsosessedicunt,
1035 601 1242 666 factasunt·
1271 608 1400 695 ‘ffislfflq

32 666 188 785 ”primo
212 699 337 785 quidem
358 723 397 765 ex
422 701 602 766 ²dominicis
626 701 795 788 Scripturis
817 702 1019 781 ostendimus,
1042 702 1147 768 omnia
1172 725 1242 819 qum
1293 711 1345 741 ¹¹¹·
1325 702 1374 741 *α

87 802 239 888 praedicta
249 812 332 880 sunt,
348 803 480 869 visibilia
494 813 527 869 et
541 803 714 880 invisibilia,
730 805 770 868 ab
782 826 845 868 uno
861 804 930 868 Deo
946 805 1040 869 t'aota.
1071 803 1143 869 Non
1158 805 1243 869 enirn

88 913 162 969 sunt
176 904 278 992 magis
289 905 390 970 idonei
405 906 437 968 bi
453 928 547 991 quam
564 906 752 990 Scripturas:
769 929 826 971 nec
835 906 1042 991 relinquentes
1054 929 1112 971 nos
1121 906 1244 992 eloquia

89 1006 228 1087 Domini,
244 1017 276 1072 et
299 1008 454 1095 Moysen,
477 1019 510 1074 et
527 1009 661 1095 reliquos
679 1010 856 1095 propbetas,
876 1010 928 1096 qui
946 1010 1107 1075 veritatem
1125 1032 1243 1096 praeco-

88 1120 250 1189 naverunt,
273 1111 321 1175 his
342 1112 467 1177 credere
491 1121 623 1198 oportet,
653 1134 765 1176 sanum
795 1113 920 1199 quidem
949 1113 1025 1177 nibil
1056 1113 1241 1193 dicentibus,

88 1214 246 1280 instabilia
268 1224 373 1280 autem
399 1215 609 1281 delirantibus.
655 1216 778 1281 Deinde
792 1217 888 1281 etiam
902 1217 929 1282 si
943 1240 999 1304 per
1021 1217 1105 1304 ipsos
1120 1239 1157 1282 ea
1171 1239 1241 1303 quae

87 1326 161 1382 sunt
180 1340 273 1404 super
293 1318 398 1396 coeloS,
421 1320 506 1384 sacta
527 1329 618 1395 sunt;
639 1320 745 1385 dicant
762 1320 862 1397 nobis,
885 1343 955 1406 quae
979 1321 1022 1385 sit
1045 1320 1242 1385 invisibilium

87 1430 209 1498 natura,
238 1430 383 1487 enarrent
411 1444 574 1487 numerum
598 1423 803 1510 Angelorum,
830 1432 863 1488 et
887 1424 1027 1488 ordinem
1057 1424 1242 1511 Archange-

86 1522 197 1602 lorum,
214 1525 427 1590 demonstrent
443 1526 638 1591 Thronorum
658 1536 863 1604 sacramenta,
882 1536 914 1592 et
932 1526 1064 1591 doceant
1083 1526 1242 1591 diversita-

86 1636 137 1692 tes
151 1628 417 1709 Dominationum,
435 1630 680 1717 Principatuum,
696 1639 729 1695 et
745 1631 944 1695 Potestatum
958 1638 1052 1715 atque
1068 1629 1241 1695 Virtutum.

88 1731 151 1795 Sed
168 1753 229 1796 non
245 1732 361 1797 habent
375 1732 497 1797 dicere:
520 1756 583 1798 non
598 1756 673 1820 ergo
687 1755 743 1819 per
757 1755 812 1798 eos
825 1734 910 1798 lacta
924 1741 1007 1797 sunt.
1053 1732 1087 1796 Si
1101 1740 1207 1797 autem
1220 1753 1242 1797 a

88 1834 260 1925 Demiurgo
274 1837 446 1903 factasunt
459 1837 539 1915 baec,
554 1838 637 1903 sicut
651 1846 683 1902 et
705 1838 789 1902 facta
803 1846 886 1915 sunt,
903 1845 936 1902 et
956 1844 1030 1901 sunt
1043 1836 1194 1921 spiritalia
1208 1847 1241 1905 et

87 1947 216 2014 sancta3
239 1961 302 2004 non
316 1950 365 2005 est
379 1962 455 2027 ergo
468 1940 611 2006 animalis
625 1940 676 2005 hio
691 1939 743 2026 qui
758 1940 907 2028 spiritalia
927 1939 1065 2027 perfecit,
1087 1947 1121 2007 et
1138 1940 1241 2007 soluta

88 2049 137 2105 est
151 2041 272 2108 illomm
287 2065 402 2131 magua
417 2043 620 2131 blasphemia.

519 2312 621 2380 OAP.
644 2312 797 2379 XLVII.

86 2428 147 2505 De
174 2432 391 2510 osmeom'one
418 2434 589 2534 Apostoli
619 2462 730 2535 usque
764 2434 818 2511 od
849 2434 996 2510 tertium
1021 2435 1170 2522 eaelom;
1207 2450 1240 2511 et

163 2548 361 2640 cardiaci,
389 2551 462 2626 sivo
489 2551 529 2626 in
557 2579 718 2652 corpore,
746 2552 820 2628 sice
844 2565 948 2627 extro
971 2580 1124 2652 corpus:
1159 2580 1238 2629 nec·

159 2692 240 2753 non,
258 2668 408 2743 ostensio
426 2668 523 2767 quod
540 2696 611 2745 oon
629 2669 674 2744 sit
693 2669 869 2744 orrirnolis
885 2669 1121 2769 Demiurgus.

87 2837 117 2899 1.
162 2834 331 2916 Quournu
348 2837 430 2901 enim
446 2836 566 2902 suntin
587 2837 675 2904 coelis
694 2837 849 2924 spiritales
868 2836 1072 2915 conditiones,
1088 2836 1238 2902 universae

84 2937 221 3004 clamant
240 2939 420 3027 Scripturm,
442 2951 474 3006 et
490 2942 609 3007 Paulus
629 2951 736 3006 autem
759 2942 972 3006 testimonium
994 2943 1145 3027 perhibet,
1161 2964 1238 3027 quo-

84 3042 168 3107 niam
193 3052 266 3109 sunt
291 3045 452 3129 spiritalia,
480 3067 577 3132 usque
606 3046 647 3109 ad
670 3047 797 3110 tertium
825 3045 938 3110 coelum
961 3056 1085 3131 raptum
1111 3067 1145 3111 se
1168 3067 1237 3110 esse
1250 3078 1318 3173 pq...
1326 3078 1392 3128 ,ῃ

83 3148 264 3235 significans
278 3154 327 3214 ³et
341 3172 474 3229 nusum,
490 3150 626 3214 delatum
642 3172 710 3215 esse
722 3149 754 3212 in
769 3148 947 3235 paradisum
963 3157 995 3213 et
1010 3149 1134 3213 audisse
1143 3125 1297 3215 verbam

83 3250 309 3329 inenarrabilia,
331 3275 400 3338 quae
419 3275 481 3317 non
503 3252 576 3317 licet
599 3252 717 3317 homini
736 3251 830 3338 loqui.
876 3251 921 3316 Et
938 3252 1013 3338 quid
1035 3251 1078 3315 illi
1099 3252 1235 3336 prodest,

82 3354 161 3418 aut
152 3377 184 3417 m
198 3356 376 3440 paradisum
392 3355 547 3429 introitus,
564 3364 619 3419 aut
634 3377 732 3441 usque
748 3355 780 3418 in
795 3354 924 3419 tertium
938 3353 1052 3419 coelum
1074 3353 1235 3431 assumtio,

82 3478 153 3521 cum
169 3456 232 3520 sint
246 3457 351 3521 omnia
364 3458 417 3522 illa
437 3459 496 3523 sub
517 3466 674 3544 potestate
689 3456 862 3544 Demiurgi,
877 3456 904 3522 ei
924 3478 1031 3522 eorum
1053 3478 1122 3541 quae
1143 3477 1237 3541 super

83 3558 291 3647 Demiurgum
306 3560 450 3625 dicuntur
464 3561 682 3647 mysteriorum
697 3560 873 3647 speculator
893 3568 926 3626 et
945 3560 1069 3625 auditor
1086 3559 1237 3645 inciperet

82 3662 160 3740 fieri,
170 3664 431 3747 quemadmodum
445 3665 561 3729 audent
576 3664 703 3749 quidam
718 3664 843 3730 diceret
873 3665 907 3728 Si
921 3664 1004 3729 enim
1019 3662 1066 3727 uti
1081 3684 1149 3726 eam
1165 3685 1236 3747 quae

82 3772 242 3851 estsuper
263 3764 470 3854 Demiurgum
493 3767 627 3832 disceret
649 3767 893 3853 dispositionem,
916 3787 1110 3853 nequaquam
1132 3764 1165 3829 in
1186 3765 1236 3832 his

83 3891 153 3957 quae
176 3877 250 3933 suut
272 3869 434 3957 Demiurgi
458 3868 667 3947 remansisset,
695 3892 735 3934 ue
760 3869 827 3955 ipsa
852 3868 1144 3956 quidem-universa
1167 3892 1235 3957 per-

81 3971 268 4057 speculatus,
287 3974 440 4059 (restabat
459 3972 540 4038 enim
558 3972 587 4038 ei
604 3973 706 4037 adbuc
728 3973 900 4038 secundum
920 3971 1041 4038 illomm
1061 3994 1236 4039 sermonem

82 4079 245 4159 ⁴quartum
270 4076 392 4155 coelum,
419 4076 466 4142 uti
497 4077 758 4164 appropinquaret
789 4075 971 4165 Demiurgo,
1003 4084 1036 4142 et
1061 4077 1237 4163 subjectam

131 4247 141 4279 ¹
159 4248 281 4311 Compare
297 4264 321 4311 p.
336 4246 390 4309 360,
406 4262 429 4310 3.
685 4247 750 4298 from
762 4249 806 4298 the
816 4249 884 4299 third
895 4250 990 4299 heaven
1001 4254 1029 4299 to
1039 4248 1120 4298 which
1132 4248 1159 4299 S.
1173 4247 1239 4299 Paul

131 4329 142 4362 ¹
158 4332 200 4381 i.c.
219 4332 303 4393 κυρίων
318 4332 427 4393 γραφῶν.
685 4346 737 4379 was
751 4331 880 4392 admitted,
893 4332 944 4380 and
958 4331 1040 4381 which
1056 4331 1082 4381 in
1098 4331 1142 4380 the
1159 4331 1239 4381 entim

132 4413 179 4461 ἰι
201 4430 309 4473 rursum,
335 4413 387 4461 and
410 4412 493 4475 oquin,
519 4413 544 4461 iu
570 4413 636 4462 other
685 4415 759 4463 series
770 4414 852 4463 would
863 4414 935 4463 make
946 4415 989 4463 tbe
999 4413 1111 4463 seventb.
1128 4412 1240 4463 Matar

84 4495 170 4556 words,
183 4502 235 4556 not,
249 4512 280 4544 on
291 4494 391 4544 camier
401 4495 518 4545 occasion.
686 4497 806 4546 indicates
821 4497 872 4545 this
886 4495 1084 4561 interpretation,
1097 4496 1132 4561 by
1143 4512 1199 4563 vray
1212 4494 1244 4547 ol

131 4579 273 4641 ‘quartum
300 4578 391 4641 mum,
421 4578 437 4628 l.
451 4595 472 4629 e.
500 4578 638 4642 reckoning
686 4578 963 4629 bolamoltbeontire
973 4576 1120 4629 hebdomad.
