2954 4986
431 363 473 416 IN
500 364 741 418 IGNORANTIA
766 364 902 420 OMNIA.
1170 352 1235 418 261

1250 543 1304 584 un
1310 544 1340 584 ll.
1350 545 1377 583 lv.
1386 545 1404 583 1.

566 574 667 639 cAP.
696 574 758 638 IV.
1269 591 1382 629 nainv-

1257 637 1335 721 HAS}
1341 637 1369 676 11.
1377 647 1397 675 r.

85 706 270 797 Qnmliam
287 707 479 783 iooinbilis
495 708 644 808 quidem
661 723 710 784 est
720 711 848 803 Pater,
864 710 927 785 sed
939 736 1011 785 oon
1024 707 1236 808 incognitus,
1251 707 1400 762 -—'-

157 852 272 924 neque
306 825 479 923 ignorare
510 853 592 901 enm
621 826 771 924 quidem
797 841 972 927 poterant
995 826 1127 926 angeli,
1156 825 1237 901 lieet

152 943 363 1041 plurimum
379 942 547 1019 deorsum
564 943 693 1042 dejecti
709 958 821 1019 essent
838 945 885 1019 ab
904 970 955 1019 eo,

84 1112 129 1186 1.,
162 1109 330 1174 Anvensue
358 1133 412 1175 eos
439 1110 542 1197 igilur
569 1111 623 1198 qui
650 1112 763 1177 dicunt
789 1123 885 1176 extra
912 1110 1073 1183 Pleroma,
1100 1110 1151 1175 vel
1176 1112 1236 1176 rub

82 1209 167 1273 bono
185 1210 266 1286 Deo,
285 1211 369 1275 huno
386 1211 540 1275 mundum
558 1211 688 1289 laetum,
707 1234 745 1277 ea
760 1234 831 1296 quae
848 1211 944 1296 paulo
960 1218 1037 1275 ante
1054 1210 1142 1275 dieta
1159 1218 1236 1276 sunt

84 1331 105 1373 a
122 1309 222 1383 nobis,
241 1318 319 1394 apta
343 1320 434 1385 snnt3
459 1319 493 1375 et
510 1311 741 1376 concludentur
757 1311 839 1375 tales
861 1333 934 1375 eum
950 1318 1044 1395 patre
1061 1332 1119 1374 suo
1138 1311 1179 1375 ab
1197 1333 1236 1374 eo

85 1408 140 1493 qui
157 1415 206 1472 eet
220 1418 314 1474 extra
333 1409 491 1485 Pleroma,
509 1411 541 1474 in
559 1434 622 1496 quo
639 1411 737 1475 etiam
752 1417 786 1474 et
803 1410 948 1474 desinere
960 1432 1013 1474 eoo
1030 1432 1157 1474 neeesse
1174 1418 1234 1475 eat.

84 1509 248 1572 Adversus
265 1531 319 1573 eos
336 1519 442 1574 autem
462 1510 515 1596 qui
533 1511 654 1583 dieunt,
666 1510 702 1574 in'
714 1510 763 1572 his
781 1531 854 1594 quae
872 1509 1079 1574 eontinentur
1090 1532 1110 1573 a
1123 1509 1235 1586 Patre,

84 1608 126 1672 ab
153 1607 223 1671 aliis
251 1608 439 1693 quibusdam
467 1611 588 1674 fartum
616 1610 700 1674 huno
731 1610 895 1688 mundum,
922 1608 1029 1672 omnia
1055 1630 1125 1693 quae
1150 1631 1235 1675 nuno

84 1709 172 1772 dieta
192 1719 277 1783 aunt,
301 1709 440 1773 absurda
466 1718 500 1774 et
525 1708 779 1774 inconvenientia
804 1717 988 1782 oecurrent3
1019 1715 1053 1772 et
1079 1719 1236 1794 cogentur

83 1816 141 1872 aut
178 1808 285 1872 omnia
314 1807 420 1873 lueida
453 1817 487 1873 et
522 1809 617 1895 plena
644 1816 677 1873 et
706 1830 841 1893 operosa
871 1830 909 1873 ea
941 1829 1015 1894 quar
1043 1814 1119 1872 sunt
1147 1808 1236 1873 intra

85 1906 219 1972 Patrem
237 1906 391 1985 confiteri,
411 1916 468 1973 aut
485 1918 655 1994 paternum
671 1908 778 1972 lumen
799 1929 959 1982 accusare,
977 1906 1067 1993 quani
1083 1907 1153 1992 ¹qni
1171 1930 1236 1973 non

84 2007 186 2091 possit
203 2008 309 2071 omnia
320 2007 489 2072 luminare:
507 2018 564 2072 aut
581 2008 663 2073 siout
680 2030 765 2093 pars,
778 2008 824 2072 oio
841 2015 875 2072 et
892 2008 1073 2073 universum
1086 2006 1236 2073 Pleroma

84 2105 223 2191 ipsorum
245 2129 388 2184 vacuum,
406 2116 441 2172 et
463 2107 695 2192 indispositum,
713 2116 747 2172 et
772 2108 977 2173 tenebrosum
1000 2107 1233 2184 confitendum

84 2216 120 2271 et
145 2207 267 2292 reliqua
292 2207 399 2271 omnia
422 2230 618 2292 quaeennque
645 2216 722 2272 sunt
744 2207 935 2272 conditionis
957 2215 1118 2284 accusant,
1145 2207 1238 2293 qnasi

83 2306 273 2390 temporalia
286 2307 360 2383 sint,
379 2316 412 2371 et
429 2309 569 2371 ²aeterna
586 2307 705 2372 ohoiea.
744 2309 809 2372 Ant
828 2306 910 2394 [At]
929 2306 1152 2372 inenarrabilia
1168 2329 1238 2372 esee

83 2414 223 2490 oportet,
242 2429 315 2470 oum
334 2406 400 2470 sint
422 2406 509 2470 intra
528 2406 677 2471 Pleroma
701 2419 736 2472 et
761 2406 793 2470 in
817 2406 889 2470 ainu
914 2407 1031 2491 patris:
1055 2415 1113 2471 aut
1138 2407 1237 2472 etiam

38 2526 68 2564 n.
84 2504 118 2567 in
129 2505 312 2569 universum
330 2505 477 2570 Pleroma
492 2506 639 2570 similiter
655 2507 782 2572 venient
798 2506 1021 2572 incusationes.
1074 2505 1121 2570 Et
1142 2528 1238 2571 eausa

83 2604 274 2690 ignorantiae
290 2604 469 2670 invenietur
486 2606 632 2671 Christus
648 2628 767 2671 eorum.
822 2606 913 2670 Siout
928 2606 1013 2670 enim
1030 2604 1151 2679 dieunt,
1165 2628 1237 2671 oum

82 2704 252 2768 formasset
277 2705 449 2769 seeundum
466 2706 696 2770 ³eubetantiam
716 2713 854 2770 matrem
880 2706 1031 2791 ipsorum,
1053 2705 1139 2770 sorae
1163 2728 1237 2792 pro-

79 2803 160 2888 jeoit
176 2805 289 2869 ‘extra
303 2805 457 2876 Pleroma,
470 2805 504 2869 id
521 2815 579 2877 ert,
594 2798 755 2890 separavit
771 2807 813 2871 ab
830 2806 1004 2891 agnitione.
1050 2805 1122 2890 lpae
1138 2805 1238 2890 igitur

82 2903 116 2966 in
133 2925 173 2968 ea
189 2904 403 2990 ignorantiam
428 2905 514 2978 feeit,
532 2903 586 2990 qui
603 2905 765 2991 separavit
782 2927 852 2970 eam
869 2906 911 2969 ab
928 2904 1102 2990 agnitione.
1150 2905 1238 2981 Quo·

82 3003 180 3068 modo
205 3004 305 3091 igitur
329 3004 412 3069 idem
443 3004 511 3089 ipse
536 3003 666 3088 reliquie
696 3004 825 3088 quidem
852 3004 1022 3079 AEonibur,
1049 3005 1088 3068 iio
1117 3004 1172 3089 qui
1199 3026 1239 3068 eo

82 3103 260 3168 anteriores
285 3111 388 3179 erant,
411 3116 567 3190 praeetare
591 3102 806 3190 ⁵agnitionem
834 3110 975 3189 poterat,
1002 3103 1100 3167 matri
1129 3110 1239 3168 autem

82 3265 218 3313 translator
230 3264 388 3314 renderedaa
403 3283 419 3314 a
432 3264 529 3330 passive
540 3264 637 3313 instead
687 3263 801 3329 poneibile
827 3268 866 3313 eet
890 3263 995 3313 salutem
1020 3263 1159 3327 percipere:
1188 3278 1239 3312 non

83 3346 113 3393 of
123 3362 140 3394 a
150 3346 243 3395 middle
253 3347 321 3406 verb,
332 3347 390 3409 fieri
400 3347 497 3396 instead
508 3346 537 3396 of
544 3347 636 3409 facere.
686 3345 753 3394 enim
766 3362 818 3394 aare
829 3346 901 3395 illum
916 3362 1032 3410 oapaoem
1045 3344 1132 3393 salutis
1143 3344 1237 3404 dieunt,

134 3425 505 3490 lordinomittedintheAn.
518 3427 576 3476 MS.
686 3425 967 3489 alienp.1.lid.1,1r
986 3426 1093 3489 legimur.
1128 3425 1181 3474 But
1196 3426 1240 3475 the

132 3507 247 3557 ’turma
263 3509 353 3559 eloica
390 3509 443 3559 Tho
460 3509 559 3559 cunt.
578 3509 637 3558 MS.
686 3508 834 3558 translation
852 3525 910 3574 may
920 3510 1100 3574 repreaentthe
1114 3508 1241 3572 following

83 3589 128 3637 har
141 3589 325 3649 eterno-eloica,
341 3590 391 3639 and
407 3589 537 3639 Marsum
550 3590 638 3653 adopta
686 3606 805 3655 passage:
834 3593 875 3640 rol
897 3592 963 3640 ἄλλα
985 3591 1066 3639 πάντα
1082 3592 1115 3639 τὰ
1130 3592 1175 3649 τῆς
1191 3591 1240 3638 rrl·

82 3671 127 3719 the
140 3671 259 3735 reading;
276 3673 323 3721 bnt
337 3673 359 3721 it
373 3673 408 3737 by
421 3688 454 3720 no
467 3688 554 3721 meane
567 3670 637 3720 ratio-
687 3691 747 3723 σεως
764 3674 902 3735 ἐλέγχουσι,
924 3674 1010 3722 ὡσανεὶ
1027 3672 1161 3733 πρόσκαιρά
1178 3674 1238 3730 ἐστι,

83 3754 128 3802 fier
141 3754 184 3802 the
194 3753 335 3817 judgment.
372 3755 424 3804 For
438 3755 496 3804 how
508 3753 581 3803 could
596 3754 639 3802 the
688 3756 728 3803 rol
755 3756 788 3803 τὰ
814 3756 896 3803 αἰώνια
923 3754 1003 3814 χοῖκά.
1028 3755 1045 3802 i.
1054 3769 1075 3802 e.
1100 3752 1161 3801 aar
1187 3752 1242 3816 tley

84 3836 197 3899 oomplex
218 3835 275 3884 idea
293 3837 325 3885 be
343 3835 474 3900 exproeaod
495 3837 521 3883 in
539 3835 639 3884 Greekr
688 3835 775 3898 clergo
791 3835 827 3884 all
844 3835 909 3883 oller
920 3833 1101 3898 monade.
1114 3833 1241 3898 ῳίσίειιαῑ)

84 3918 134 3966 and
152 3917 195 3966 the
211 3917 344 3966 translator
359 3918 381 3966 ia
398 3934 415 3966 a
428 3917 515 3966 aorrile
530 3916 641 3964 imitator
688 3917 745 3966 olel
767 3918 805 3967 lle
825 3916 1002 3981 impe-serim
1023 3915 1053 3979 os
1070 3915 1108 3965 tle
1128 3915 1242 3965 material

85 4001 161 4049 othir
172 4017 244 4064 oopy.
272 4000 367 4049 Graan
378 4016 495 4066 propones
506 3999 549 4048 the
560 4015 640 4048 emen·
688 3998 801 4059 oration,
816 4013 845 4047 aa
860 3997 949 4060 aaaron
961 3997 1029 4046 AEoa
1044 3998 1168 4047 mortem
1182 4013 1242 4047 roem

85 4083 179 4142 dalion,
200 4098 230 4131 nc
248 4089 343 4131 lemna
362 4089 383 4131 el
403 4081 494 4131 choica
529 4082 591 4130 And
609 4083 641 4130 ho
689 4080 785 4143 early
795 4078 929 4143 eplemeral
940 4077 1076 4128 andeleio.
1101 4078 1133 4128 ef.
1146 4090 1194 4126 v11.
1206 4093 1228 4126 a.

85 4180 158 4239 rago:
175 4166 193 4189 ⁴⁸
202 4162 250 4211 Vox
256 4168 358 4221 eterna,
369 4162 406 4210 orl
414 4177 516 4223 proram
527 4160 638 4222 delmdo,
738 4160 749 4193 ⁸
766 4160 821 4210 Hor
831 4161 966 4210 formation
978 4160 1033 4209 κατ’
1044 4160 1127 4208 οὐσίαν
1138 4175 1188 4207 war
1199 4159 1242 4207 the

84 4243 462 4294 velinalr'ameatoommruonda.
487 4243 642 4306 Neqaemioo
689 4247 783 4292 remote
793 4258 866 4292 canae
877 4244 906 4292 ol
913 4244 956 4292 the
967 4241 1080 4290 material
1090 4241 1176 4291 world.
1201 4239 1240 4290 Ol.

85 4325 286 4377 loerdioiclrot'ra
295 4325 513 4385 dioetnntoelerao,
527 4325 641 4375 imooon·
689 4340 731 4388 pp.
748 4335 784 4384 17,
798 4339 822 4373 n.
837 4339 868 4386 33
883 4339 921 4386 32,
936 4341 961 4372 n.
976 4338 1007 4383 η
1028 4335 1066 4387 39,
1080 4338 1106 4371 n.
1120 4340 1143 4382 4.

85 4416 125 4458 tra
136 4410 223 4458 diserte
234 4407 364 4458 werne:
380 4409 414 4456 Τὸ
429 4409 513 4469 xol'xdr
527 4408 642 4456 ἀδύνατον
739 4403 751 4435 ⁴
766 4404 819 4453 The
837 4405 888 4453 Aa.
908 4403 965 4452 MS.
985 4403 1060 4450 omitr
1071 4409 1145 4461 atro,
1162 4402 1210 4452 but
1228 4419 1245 4451 a

85 4494 205 4555 σωτηρίας
215 4492 356 4552 μετασχεῖν·
365 4492 449 4552 οὐγὰρ
459 4490 519 4538 εἶναι
529 4491 644 4551 λέγουσιν
691 4502 765 4551 opace
782 4486 804 4534 ir
822 4485 875 4533 left.

86 4575 154 4622 αὐτοὶ
166 4573 275 4621 δεκτικὸν
286 4572 366 4631 αὐτῆς,
380 4571 424 4622 do.
459 4570 579 4620 choicum
597 4569 642 4618 im·
740 4567 751 4598 ⁶
768 4566 809 4617 (li.
820 4582 865 4632 pp.
880 4578 920 4629 53,
931 4581 961 4615 n.
972 4581 1003 4627 ι’,
1018 4563 1062 4626 Ὶδ,
1072 4579 1137 4615 mx.

185 4676 254 4722 ror.
275 4676 297 4721 r.
1130 4654 1180 4718 vl
