2954 4986
253 324 320 394 276
522 337 760 392 uarscoucxs
786 337 996 391 nnouuonr
1021 338 1142 391 smus

97 515 229 555 unauna.

92 563 138 601 oa
149 563 178 631 ¹¹:
190 562 233 601 rm.
728 555 829 621 OAP.
853 556 941 620 XII.

140 609 183 646 xia.

90 654 237 782 Ἤ
255 711 442 804 Quomodo
469 711 501 786 is
525 736 641 786 scroto
665 708 731 809 qai
755 722 804 785 est
830 709 876 784 de
899 708 1130 784 toiaomutade
1154 709 1306 784 illoram
1331 735 1406 783 ooo-

329 829 421 905 cidit
443 828 485 902 io
511 841 670 926 atroque,
696 840 729 900 et
755 825 954 901 securiacum
981 826 1024 900 id
1052 826 1151 926 quod
1171 827 1264 927 pias
1294 840 1407 914 estet

327 944 525 1020 secumdum
543 943 585 1017 id
602 943 699 1041 qaod
715 941 848 1016 minois.

253 1110 369 1174 Pruuo
402 1108 528 1195 quidem
564 1108 603 1172 de
631 1107 826 1173 triacontade
856 1107 993 1193 ipsorum
1021 1107 1067 1172 sic
1101 1106 1253 1185 dicemus,
1291 1107 1469 1205 unirer-{¹¹}

250 1233 320 1277 sam
345 1235 415 1276 eam
441 1211 586 1296 utrinque
612 1211 690 1275 mire
716 1210 868 1287 decidere,
891 1218 924 1275 et
949 1210 1121 1274 secundum
1143 1211 1175 1273 id
1198 1210 1284 1296 quod
1307 1211 1407 1276 minus

250 1314 346 1380 habet
371 1324 404 1379 et
428 1315 601 1379 seeundum
623 1314 656 1377 id
672 1314 761 1400 ‘quod
778 1313 858 1399 plus,
879 1322 1004 1399 propter
1027 1332 1121 1398 quam
1144 1313 1255 1378 dieunt
1279 1314 1407 1400 triginta

250 1439 402 1482 annorum
417 1417 588 1481 Dominum
602 1418 643 1482 ad
657 1417 848 1502 baptismum
862 1417 991 1480 venisse.
1041 1415 1123 1480 Haec
1145 1424 1253 1480 autem
1274 1417 1405 1492 dicente,

250 1519 416 1583 manifesta
444 1518 503 1583 erit
529 1518 681 1582 universae
706 1517 984 1604 argumentationis
1012 1516 1150 1601 ipsorum
1179 1517 1311 1582 eversio.
1363 1518 1406 1583 Et

250 1621 420 1686 secundum
442 1620 719 1684 deminorationem
739 1620 863 1705 quidem
885 1620 949 1684 sie:
976 1619 1083 1682 Primo
1102 1619 1238 1705 quidem,
1261 1620 1406 1706 quoniam

250 1731 456 1787 annumerant
474 1723 600 1808 reliquis
614 1722 776 1786 AEonibus
791 1722 1004 1806 Propatorem.
1044 1721 1141 1786 Pater
1161 1722 1247 1786 enim
1269 1722 1405 1786 omnium

250 1828 422 1893 enumerari
436 1849 500 1891 non
514 1827 608 1892 debet
622 1849 694 1891 cum
708 1826 827 1912 reliqua
842 1825 1022 1890 emissione:
1046 1825 1098 1911 qui
1120 1848 1185 1891 non
1204 1835 1254 1891 est
1276 1828 1406 1893 emissus

250 1951 322 1995 eum
344 1952 382 1994 ea
406 1951 476 2016 quae
497 1930 612 1995 emissa
632 1938 696 1994 est:
718 1936 752 1994 et
777 1929 903 1993 innatus
929 1951 1000 1993 cum
1020 1951 1150 2015 eaquae
1172 1939 1248 1994 nata
1275 1939 1344 1996 est:
1374 1943 1405 1998 et

249 2052 342 2117 quem
364 2052 456 2096 nemo
478 2031 563 2118 capit
584 2054 655 2096 cum
680 2053 718 2096 ea
736 2053 807 2117 quae
824 2031 921 2095 abeo
935 2031 1065 2117 capitur,
1081 2041 1114 2096 et
1127 2042 1256 2118 propter
1277 2034 1338 2099 hoc
1360 2035 1404 2098 in-

249 2133 412 2219 capabilis:
437 2134 490 2221 qui
505 2135 690 2221 infiguratus
704 2143 753 2199 est
767 2155 892 2199 cumea
906 2156 977 2220 qnae
990 2134 1124 2220 figurata
1138 2143 1196 2198 est.
1227 2135 1405 2201 Secundum

249 2236 334 2301 enim
349 2236 382 2301 id
396 2237 478 2322 quod
493 2235 601 2301 melior
615 2258 709 2322 quam
722 2235 831 2322 reliqui
846 2257 909 2299 non
923 2235 1016 2301 dehet
1033 2257 1105 2299 cum
1125 2236 1171 2300 eis
1189 2239 1402 2312 annumerari:

249 2348 283 2402 et
296 2338 357 2402 hoc
372 2361 443 2404 eum
459 2340 567 2403 AEone
581 2338 729 2423 passibili,
750 2347 783 2401 et
796 2336 829 2400 in
843 2360 946 2402 errore
961 2337 1142 2416 constituto,
1158 2337 1211 2424 qui
1226 2350 1277 2403 est
1292 2339 1406 2426 impas-

249 2439 348 2505 sibilis
367 2449 400 2505 et
421 2463 484 2505 non
506 2462 623 2505 errans.
668 2440 822 2522 Quoniam
845 2439 928 2504 enim
952 2462 973 2504 a
996 2439 1101 2526 Bytho
1125 2441 1313 2506 inchoantes
1333 2443 1407 2508 tria·

249 2542 384 2607 eontada
405 2551 588 2607 enumerant
608 2565 706 2628 usque
727 2542 768 2607 ad
791 2542 950 2628 Sophiam,
973 2564 1068 2630 quam
1093 2543 1235 2608 AEonem
1250 2556 1405 2610 errantem

250 2644 368 2722 dieunt,
390 2645 583 2709 ostendimus
604 2645 638 2708 in
654 2667 692 2710 eo
711 2644 791 2710 libro
805 2645 858 2732 qui
879 2653 929 2710 est
947 2657 1021 2710 ante
1042 2645 1127 2709 hunc
1147 2645 1271 2724 librum,
1289 2658 1323 2713 et
1337 2671 1405 2735 quae

250 2745 358 2809 dieunt
382 2746 509 2810 nomina
535 2747 673 2831 ipsorum
696 2747 869 2831 posuimus:
893 2747 953 2813 hoo
975 2756 1082 2812 autem
1103 2769 1168 2812 non
1188 2762 1403 2828 annumerato,

83 2865 145 2966 Ἢ
152 2849 315 2957 ppnjnm
329 2868 392 2912 non
406 2857 480 2912 sunt
499 2870 565 2912 xxx
583 2849 754 2914 seeundum
775 2872 830 2916 eos
851 2849 1032 2916 emissiones
1054 2850 1210 2930 AEonum,
1233 2852 1291 2917 sed
1309 2876 1353 2918 xx
1373 2866 1405 2920 et

100 2944 104 2953 '
136 2944 143 2962 '
169 2948 174 2958 '
250 2971 360 3016 novem
375 2949 464 3014 fiunt.

707 3155 807 3222 GAP.
832 3155 938 3221 Xlll.

252 3310 437 3400 Quoniam
459 3309 680 3410 impossihile
699 3325 748 3386 ost
773 3326 968 3411 separatas
988 3339 1060 3388 osso
1087 3313 1134 3388 ah
1162 3313 1320 3390 invicem
1345 3343 1406 3391 eas

325 3454 404 3526 poa
447 3426 552 3525 infra
590 3427 861 3527 plenitudinem
898 3429 1074 3505 dicamur
1110 3431 1402 3530 eoajapatiooes:

325 3542 491 3620 ademtis
524 3558 645 3620 aatcm
674 3546 731 3639 iis,
769 3545 988 3645 impossihile
1021 3562 1070 3624 cst
1109 3549 1294 3648 Sophiam
1327 3551 1406 3626 siae

327 3662 474 3760 ooaiy'ape
513 3662 747 3762 assumpsisse
790 3663 916 3756 labem,
960 3678 1025 3739 am
1062 3665 1175 3740 ctiam
1213 3695 1408 3764 pmcrassa

325 3778 480 3877 aliquid.

251 3945 281 4007 1.
326 3940 414 4004 Posr
449 3941 561 4008 deinde
591 3943 726 4029 primam
759 3943 957 4010 emissionem
984 3945 1152 4026 Ennoism,
1185 3968 1280 4035 quam
1308 3947 1408 4037 Sigen

250 4051 427 4123 ¹voeantes,
446 4066 487 4109 ex
508 4067 570 4131 qua
591 4067 714 4111 rursum
737 4047 860 4129 ²[Nun]
886 4055 920 4113 et
942 4047 1105 4114 Alethiam
1127 4048 1259 4116 emissos
1281 4050 1406 4118 dieunt:

298 4218 308 4250 ¹
324 4224 408 4267 vocant
418 4232 496 4266 seems
507 4221 534 4264 to
543 4216 573 4265 bs
580 4217 694 4281 requirad
704 4219 802 4268 instead
852 4237 925 4271 πειτα
936 4222 981 4280 τὴν
993 4222 1091 4284 πρώτην
1102 4224 1226 4285 προβολὴν
1236 4224 1281 4282 τὴν
1288 4224 1407 4283 Ἔνναν,

248 4302 278 4351 ol
285 4309 399 4361 mamm,
414 4317 442 4350 ec
455 4317 504 4364 pao
521 4316 581 4366 may
595 4306 721 4365 represent
738 4304 798 4362 ἑξῆς,
851 4301 882 4361 ἥν
900 4303 978 4365 Σιγὴν
995 4305 1116 4363 καλοῦσιν,
1133 4305 1187 4365 ἑξῆς
1202 4305 1279 4354 πάλιν
1291 4305 1358 4354 Nor‘n
1368 4308 1409 4354 rol

248 4384 288 4432 sor
303 4385 346 4433 the
368 4384 459 4434 second
483 4383 538 4447 pair
559 4383 580 4431 is
604 4398 680 4432 never
701 4383 754 4432 said
774 4389 801 4432 to
847 4383 978 4444 Ἀλήθειαν
1005 4385 1172 4448 spoliantium
1200 4386 1309 4447 neom
1362 4387 1408 4436 See

248 4464 312 4513 have
329 4465 464 4529 procaedod
481 4465 546 4512 from
563 4463 619 4526 δέρε
635 4463 713 4512 alone
749 4464 801 4514 'l'hc
850 4470 911 4514 note
925 4479 945 4525 1,
959 4483 984 4530 p.
999 4469 1039 4531 98,
1056 4467 1106 4516 end
1121 4468 1408 4532 comparethenotaby

248 4546 353 4609 original
363 4549 492 4612 msyhsvo
503 4564 550 4597 run
562 4563 589 4597 aa
600 4547 710 4597 follows:
724 4547 800 4597 Μετέ-
852 4547 931 4597 Voss.
944 4548 971 4598 in
983 4548 1042 4599 los.
1056 4549 1091 4598 ad
1101 4549 1187 4613 Mapa.
1202 4549 1297 4601 Cossa.
