2954 4986
536 342 583 395 nc
607 343 771 396 numera.
1164 329 1229 400 279

72 491 273 580 principalem
287 494 450 582 ogdoaden
463 515 504 560 ex
520 493 608 582 Logc
622 502 655 561 et
670 494 745 582 Sige
759 503 911 574 constare,
927 495 1022 578 ¹[scd]
1046 503 1102 561 aut
1121 495 1227 584 Sigen,
1246 516 1386 602 mapsa.

71 604 128 661 aut
155 596 267 685 Logon
290 597 445 663 refutent:
476 606 509 663 et
530 597 633 662 soluta
654 606 703 663 est
724 597 846 664 illorum
867 597 968 685 prima
991 607 1024 664 et
1049 599 1228 686 principalis
1249 609 1377 696 ‘ffiggffp

71 701 200 786 ogdoas.
246 700 280 766 Si
295 701 378 767 euim
392 702 497 766 unitas
511 701 745 790 conjugationes
765 701 910 780 dixerint,
933 701 1035 768 soluta
1052 711 1101 768 est
1120 724 1227 768 eorum
1281 702 1345 742 ’Μ

71 802 215 868 universa
239 804 481 892 argumentatio.
526 804 689 886 Quomodo
714 804 797 869 enim
820 804 917 870 unitis
938 806 994 884 eis,
1020 805 1138 892 Sophia
1159 806 1227 872 sine

72 906 207 992 conjuge
228 905 331 971 labem
352 904 531 992 generavit!
576 905 611 971 Si
633 898 739 972 autem
762 906 846 973 sicut
868 905 902 971 in
924 907 1090 973 emissione
1117 929 1227 972 uuum·

72 1028 227 1094 quemque
255 1031 296 1074 ex
327 1008 491 1073 AEonibus
523 1008 679 1095 propriam
714 1009 925 1075 substantiam
960 1009 1075 1076 habere
1111 1011 1226 1089 dicent,

71 1112 333 1198 quemadmodum
347 1112 380 1176 in
394 1113 504 1178 eodem
524 1113 646 1178 ostendi
660 1120 766 1200 potest
783 1113 858 1200 Sige
872 1120 906 1179 et
921 1113 1047 1200 hogosi
1091 1114 1137 1178 Et
1157 1114 1227 1179 haec

71 1214 198 1300 quidem
212 1215 382 1281 secundum
396 1214 642 1280 diminutionem.

138 1320 169 1381 2.
216 1316 392 1383 Secundum
407 1326 513 1384 autem
528 1318 560 1383 id
574 1319 657 1406 quod
672 1317 742 1405 plus
755 1326 814 1398 est,
829 1340 936 1384 rursus
949 1317 1079 1384 solvitur
1092 1316 1227 1384 triacon-

71 1427 123 1484 tas
147 1419 285 1506 ipsorum
309 1421 374 1488 sic:
400 1421 562 1487 Emissum
585 1422 712 1487 anima
742 1422 924 1508 Monogene
948 1420 1066 1501 dicunt,
1088 1422 1171 1488 sicut
1193 1428 1227 1487 et

70 1524 207 1611 reliquos
224 1527 361 1606 AEonas,
378 1527 500 1606 Horou,
523 1549 616 1613 quem
641 1526 783 1613 plurimis
803 1526 981 1593 nominibus
998 1535 1120 1606 vocant,
1143 1527 1226 1593 sicut

71 1625 273 1713 praediximus
287 1628 320 1694 in
335 1652 383 1709 eo,
399 1629 452 1717 qui
473 1639 548 1695 ante
568 1630 652 1696 huuc
672 1637 722 1695 est
739 1629 828 1695 liber.
874 1629 972 1695 Hunc
985 1638 1092 1695 autem
1112 1630 1226 1696 Horon

71 1728 199 1815 quidam
219 1730 344 1817 quidem
365 1753 386 1796 a
408 1732 589 1819 Monogene
607 1731 756 1798 emissum
777 1731 896 1810 dicunt,
919 1730 972 1796 alii
995 1753 1068 1797 vero
1093 1733 1134 1797 ab
1156 1731 1226 1818 ipso

71 1832 245 1918 Propatore
259 1833 508 1900 insimilitudine
529 1856 597 1901 sua.
641 1835 758 1900 Adhuc
779 1835 877 1900 etiam
897 1834 1095 1901 emissionem
1117 1835 1227 1901 dicunt

70 1935 187 2000 factam
211 1958 233 2001 a
257 1936 437 2024 Monogene
464 1937 601 2017 Christo,
631 1946 665 2002 et
691 1937 810 2023 Spiritu
836 1937 965 2016 Sancto,
991 1938 1167 2027 [Christum
1192 1945 1226 2003 et

72 2036 223 2122 Spiritum
239 2037 419 2125 Sanctum]
435 2047 468 2104 et
488 2039 546 2105 hos
563 2062 627 2105 non
646 2046 853 2105 annumerant
873 2040 914 2104 sd
931 2061 1094 2106 numerum
1116 2040 1225 2106 Plero-

70 2139 187 2204 matis:
214 2140 270 2206 sed
294 2163 394 2227 neque
417 2141 620 2219 Salvatorem,
644 2163 737 2227 quem
755 2141 851 2206 etiam
872 2141 1000 2207 ²Totcm
1017 2163 1086 2207 esse
1105 2141 1224 2207 dicunt.

72 2241 146 2309 Hoc
167 2243 252 2308 enim
271 2243 470 2308 manifestum
486 2252 536 2308 est
555 2252 587 2308 et
610 2265 705 2322 caeco,
721 2241 868 2331 quoniam
887 2265 952 2310 non
972 2243 1073 2310 solum
1092 2244 1225 2332 triginta

69 2345 252 2411 emissiones
268 2344 438 2410 secundum
456 2344 525 2410 illos
544 2344 667 2410 emissae
686 2354 771 2425 sunt,
793 2346 849 2411 sed
863 2354 896 2413 et
910 2355 1043 2434 quatuor
1063 2369 1135 2413 cum
1155 2347 1226 2412 istis

71 2470 148 2514 xxx.
193 2449 301 2534 Ipsum
322 2447 406 2512 euim
428 2447 633 2534 Propatcrem
654 2458 863 2515 annumerant
883 2449 916 2514 iu
941 2448 1096 2527 Pleroma,
1117 2456 1150 2515 et
1170 2471 1225 2515 coa

71 2551 124 2637 qui
139 2572 179 2616 ex
193 2549 388 2615 successione
407 2551 448 2615 ab
470 2550 601 2621 invicem
623 2551 729 2617 emissi
750 2559 836 2618 sunt.
881 2551 964 2635 Quid
984 2552 1067 2638 quod
1090 2551 1142 2617 isti
1161 2573 1225 2617 non

70 2653 357 2717 annumerabuntur
373 2651 434 2717 illis
454 2651 488 2716 in
509 2652 621 2718 ecdem
638 2652 818 2720 Pleromate
839 2654 1035 2733 exsistentes,
1051 2654 1104 2742 qui
1118 2654 1225 2741 adepti

71 2765 145 2821 sunt
166 2755 298 2821 eandem
325 2754 543 2820 emissionem!
580 2756 683 2838 Quam
707 2756 792 2822 enim
813 2756 935 2823 edicere
956 2765 1088 2844 possunt
1106 2758 1226 2844 justam

71 2881 209 2938 cerream,
224 2859 265 2925 ob
279 2879 373 2945 quam
390 2878 453 2922 non
474 2866 681 2924 annumerant
702 2880 774 2924 curn
795 2858 922 2946 reliquis
936 2859 1108 2936 AEouibus,
1124 2881 1226 2947 neque

72 2962 242 3040 (lhristnm,
254 2984 345 3049 quem
360 2959 482 3027 volente
497 2962 595 3027 Patre
608 2982 629 3025 a
644 2961 824 3050 Monogene
846 2962 954 3027 dicunt
976 2984 1045 3028 esse
1067 2962 1226 3041 emissum,

70 3087 172 3152 neque
188 3065 338 3153 Spiritum
358 3065 520 3144 Sanctum,
535 3085 636 3152 neque
652 3063 774 3143 Horou,
795 3086 888 3152 quem
902 3072 935 3129 et
949 3065 1082 3130 ⁸Sotera
1096 3064 1225 3140 dicunt;

71 3171 128 3236 sed
142 3191 243 3256 neque
256 3168 358 3256 ipsum
372 3167 576 3246 Salvatorem,
585 3165 638 3254 qui
647 3165 731 3232 venit
744 3166 785 3232 ad
799 3165 949 3232 auxilium
963 3175 996 3232 et
1011 3167 1229 3232 formationem

70 3273 182 3338 matris
195 3272 353 3358 ipsorum!
389 3270 507 3336 Utrum
518 3269 607 3358 quasi
617 3270 682 3336 sint
692 3269 746 3335 isti
760 3268 959 3336 ‘infirmiores
973 3268 1104 3348 illorum,
1113 3279 1146 3335 et
1158 3269 1229 3336 ideo

71 3375 216 3464 indignos
230 3396 298 3440 esse
313 3374 457 3439 AEonum
471 3371 677 3460 appellatione
695 3380 729 3438 et
742 3394 888 3438 numero:
907 3371 1066 3459 autquasi
1086 3370 1229 3439 meliores

71 3479 136 3542 sint
147 3485 180 3543 et
193 3477 407 3541 rdifferenceat
433 3476 496 3541 Sed
505 3475 602 3540 infimi
618 3474 741 3562 quidem
757 3475 911 3562 quomodo
925 3475 1011 3555 fient,
1022 3473 1074 3562 qui
1085 3474 1181 3540 etiam
1195 3474 1228 3540 in

121 3605 131 3638 ¹
142 3607 195 3655 The
204 3606 264 3656 cod.
274 3607 319 3656 Gt.
328 3605 459 3654 omitared.
470 3605 509 3655 Oi.
516 3621 540 3669 p.
548 3619 620 3667 r,u.3.
675 3604 696 3653 it
707 3604 796 3654 should
806 3605 870 3654 hara
878 3605 940 3654 Meu
951 3604 1070 3654 rendered
1081 3605 1115 3670 by
1123 3606 1229 3655 another

121 3687 221 3737 ’cta
231 3701 253 3749 3.
274 3688 538 3752 Theauthorperhaps
546 3692 623 3736 wrote
676 3684 1227 3750 Greekterrn,oecurringimmadiatelyalter.

65 3772 147 3834 Ὅρα,
159 3770 240 3819 which
251 3785 302 3818 waa
313 3769 372 3817 resd
383 3769 418 3833 by
429 3769 472 3817 the
489 3767 625 3817 translator
724 3765 918 3829 *ἀσθενέστεροι
929 3767 1027 3817 τούτων.
1056 3766 1227 3817 TheAaunn.

65 3857 149 3905 'om
676 3848 726 3898 snd
733 3849 812 3898 Voss.
820 3847 924 3913 reading
934 3849 955 3897 is
966 3848 1074 3913 adopted
1080 3866 1087 3909 ;
1101 3850 1229 3900 thmecan

120 3934 200 3984 ’The
216 3950 289 3985 name
311 3934 384 3985 Soter
403 3933 464 3984 does
484 3939 530 3984 uot
551 3948 626 3985 occur
675 3929 707 3979 be
724 3945 758 3978 no
768 3929 850 3979 Greek
865 3929 1007 3995 equivalent
1020 3930 1059 3980 ior
1073 3929 1115 3980 tha
1127 3931 1227 3981 Casu.

71 4034 164 4083 among
185 4017 228 4068 the
250 4018 322 4067 other
341 4033 477 4082 anonyma
495 4016 523 4067 cf
537 4015 625 4067 nonu
675 4010 813 4073 itvlmlom·
848 4010 947 4061 Double
973 4012 1152 4077 comparative·
1179 4011 1230 4061 and

71 4103 99 4148 at
120 4115 163 4164 pp.
179 4099 215 4161 18,
235 4112 274 4161 24,
303 4098 353 4148 sud
380 4097 502 4149 therefore
529 4097 625 4149 Gaas!
676 4093 838 4158 superlativas
866 4109 948 4153 occur,
978 4108 1028 4155 ap.
1056 4093 1227 4154 laxardrara,

71 4182 223 4242 conjectures
245 4181 302 4230 that
326 4180 370 4229 the
391 4179 533 4229 abbreviata
560 4179 625 4231 lorus
678 4176 811 4238 πρώτιστα,
829 4173 876 4223 but
892 4189 908 4222 a
927 4173 1095 4239 comparative
1116 4172 1137 4221 is
1155 4186 1231 4220 never

74 4263 167 4324 ΣΤΡΝ,
185 4262 302 4327 meaning
319 4263 437 4324 Στιυρὸν,
448 4278 500 4311 was
515 4261 574 4311 read
590 4260 625 4326 by
676 4254 774 4320 grafted
791 4272 823 4304 on
841 4271 856 4303 a
871 4255 1029 4320 superlative.
1064 4252 1172 4312 Resides,
1192 4252 1230 4302 ia·

72 4344 116 4393 tha
132 4343 267 4393 translator
284 4359 312 4392 as
330 4343 440 4404 Σωτῆρι
475 4339 626 4391 ButHorus
671 4337 742 4399 rimi
758 4336 961 4386 malresabetter
978 4351 1048 4384 sense
1065 4334 1090 4383 iu
1109 4335 1152 4383 the
1169 4338 1231 4384 next

73 4440 150 4473 crasa
156 4439 238 4487 parrer
248 4423 277 4473 oi
286 4423 365 4483 Soter,
376 4439 401 4487 p.
414 4423 453 4481 rs,
467 4420 517 4471 lc.
553 4421 626 4472 Mas·
676 4423 792 4473 uatsnce
808 4418 870 4466 than
886 4416 974 4476 l'fimt'·

74 4516 139 4553 suar
155 4503 281 4554 considers
298 4504 355 4552 that
366 4503 496 4565 Λυτρωτὴν
511 4501 584 4552 stood
599 4502 625 4553 in
726 4500 736 4532 ⁵
752 4499 805 4551 The
816 4498 885 4549 word
903 4497 1089 4560 drnpcpmtpcus
1106 4514 1192 4548 occurs
1204 4498 1230 4547 in

74 4586 117 4634 the
128 4589 191 4645 text,
202 4584 250 4633 but
260 4583 281 4633 it
291 4583 313 4632 is
323 4582 432 4647 scarcely
442 4582 560 4646 prohable
570 4581 628 4631 that
676 4581 804 4637 thesease.
812 4580 840 4629 of
848 4594 912 4629 more
922 4578 1036 4637 mant,
1050 4594 1075 4644 p.
1085 4592 1139 4640 205.

1014 4666 1128 4731 18-2
