2954 4986
244 306 310 369 354
514 316 607 379 QUAE
634 313 837 369 RATIONEM
865 311 1124 368 EXSUPERANT

77 491 130 530 sua
141 490 170 574 ¹,¹·
185 490 232 530 nu.
245 468 355 546 Verbi,
378 475 410 532 et
434 466 531 544 Vitae,
555 474 587 531 et
610 464 727 531 (lhristi
749 464 930 530 nativitates
951 472 985 530 et
1003 462 1198 552 prolationes
1219 460 1396 528 annuntiare

81 583 136 668 ⁰¹1}
136 539 231 682 §sepe
226 570 349 635 ·vultis:
366 578 399 633 et
413 569 471 633 ha's
484 591 547 634 non
561 570 685 634 aliunde
699 569 899 655 accipientes,
915 569 971 633 sed
985 590 1025 634 ex
1040 568 1208 634 affectione
1222 568 1395 634 hominnm:

103 686 145 713 ¹¹¹
119 675 174 713 ¹¹¹¹·
184 679 201 713 ¹
242 681 275 737 et
296 694 359 737 non
381 671 563 758 intelligitis,
587 671 661 758 quia
683 671 715 734 in
738 670 864 734 homine
889 670 1016 757 quidem
1041 669 1094 756 qui
1117 678 1167 734 est
1197 668 1397 755 compositum

241 776 366 851 animal,
383 774 466 860 capit
480 774 656 861 hujusmodi
673 775 785 851 dicere,
798 773 879 838 sicut
894 773 1105 859 praediximus,
1115 794 1247 837 sensum
1262 770 1398 846 hominis,

241 886 274 943 et
288 899 433 942 ennoeam
456 876 611 953 hominis;
636 877 757 961 etquis
782 898 822 941 ex
845 897 939 941 sensu
957 895 1080 954 ennoea,
1105 877 1145 941 de
1170 897 1286 941 ennoes
1300 884 1398 940 autern

241 981 441 1066 enthymesis,
473 980 512 1044 de
541 981 714 1066 enthymesi
740 988 846 1044 autem
877 979 986 1065 logos:
1024 986 1132 1065 (quem
1152 988 1263 1043 autem
1288 979 1399 1066 logon!

243 1082 345 1147 ¹aliud
360 1083 443 1147 enim
457 1091 506 1147 est
520 1084 690 1147 secundum
704 1084 833 1147 Grmcos
856 1082 954 1169 logos,
975 1083 1057 1168 quod
1072 1092 1121 1146 est
1135 1082 1308 1167 principale
1323 1081 1398 1167 synod

241 1186 418 1272 excogitan
435 1185 518 1249 aliud
531 1208 693 1272 organum,
711 1205 768 1270 per
778 1185 861 1268 quod
880 1184 1033 1249 emittitur
1047 1184 1135 1271 logos
1146 1185 1172 1265 :)
1189 1193 1222 1248 et
1237 1184 1397 1268 aliquando

241 1290 366 1376 quidem
393 1289 552 1373 quiescere
575 1297 608 1353 et
633 1297 736 1354 tacere
759 1288 928 1367 hominem,
951 1287 1117 1374 aliquando
1135 1296 1244 1351 autem
1264 1287 1348 1370 loqui
1368 1295 1398 1351 et

240 1391 370 1476 operari.
416 1388 523 1455 ²Deus
543 1399 649 1456 autem
670 1413 741 1456 cum
763 1390 805 1454 sit
826 1398 914 1454 totus
935 1410 1033 1467 mens,
1049 1397 1137 1454 totus
1154 1389 1247 1466 ratio,
1264 1398 1298 1453 et
1318 1396 1398 1453 totus

240 1495 367 1582 spiritus
381 1515 523 1581 operans,
539 1504 571 1559 et
585 1502 672 1559 totus
682 1495 746 1572 lux,
762 1503 794 1559 et
806 1515 928 1580 semper
942 1492 1025 1556 idem
1039 1501 1072 1557 et
1084 1492 1227 1556 similiter
1235 1493 1397 1570 exsistens,

240 1597 322 1662 sicut
345 1605 378 1662 et
401 1597 476 1661 utile
501 1606 550 1662 est
573 1598 664 1661 nobis
685 1615 794 1683 sapere
822 1597 862 1660 de
886 1595 966 1673 Deo,
990 1603 1022 1659 et
1051 1595 1134 1659 sicut
1161 1616 1204 1659 ex
1234 1593 1398 1679 Scripturis

241 1701 399 1775 discimus,
420 1723 483 1766 non
501 1703 568 1787 jam
583 1701 760 1787 hujusmodi
775 1700 905 1764 affectus
919 1707 952 1763 et
970 1697 1137 1762 divisiones
1157 1697 1311 1762 decenter
1325 1720 1397 1784 erga

241 1825 313 1869 enm
338 1805 576 1888 subsequentur.
621 1803 809 1868 ³Velocitati
839 1801 923 1866 eninr
948 1821 1059 1866 sensus
1087 1800 1250 1864 hominum
1276 1809 1397 1885 propter

240 1906 379 1993 spiritale
388 1908 455 1992 ejus
469 1929 533 1970 non
542 1907 656 1971 sufficit
666 1906 773 1993 lingua
784 1903 946 1983 deservire,
960 1904 1073 1991 quippe
1083 1904 1217 1969 carnalis
1228 1905 1394 1969 exsistens:

241 2009 323 2072 unde
344 2017 377 2073 et
401 2009 485 2074 intus
502 2008 690 2095 *suffugatur
707 2009 834 2072 verbum
856 2015 1008 2085 nostrum,
1030 2015 1063 2071 et
1086 2006 1243 2092 profertur
1263 2028 1327 2071 non
1347 2006 1396 2070 ¹de

240 2111 347 2185 semel,
373 2111 455 2176 sicut
473 2120 658 2195 conceptum
685 2119 734 2174 est
755 2131 776 2174 a
797 2130 911 2183 sensu;
936 2109 993 2173 sed
1017 2131 1073 2196 per
1089 2117 1205 2195 partes,
1230 2108 1396 2173 semmdum

241 2215 325 2298 quod
339 2215 446 2301 lingua
459 2213 693 2278 subministrare
708 2212 865 2299 praevalet.
910 2213 999 2278 Deus
1012 2221 1119 2278 autem
1134 2222 1224 2278 totus
1243 2212 1396 2278 exsistens
1406 2227 1457 2271 uns

244 2315 349 2396 Mens,
365 2325 398 2383 et
412 2326 499 2383 totus
514 2317 670 2382 exsistens
684 2317 800 2404 Leges,
815 2317 899 2402 qnod
916 2316 1045 2404 cogitat,
1060 2316 1120 2382 hoc
1131 2325 1164 2382 et
1186 2316 1344 2401 loqnitnr;
1366 2324 1397 2379 et

291 2551 400 2600 ¹Attnt
410 2552 474 2600 enim
491 2559 524 2600 cst
540 2553 582 2600 «tc.
611 2550 727 2600 Existimo
741 2566 795 2600 sitm
895 2548 1002 2615 ¹Seep
1021 2565 1074 2610 111,
1088 2557 1182 2602 notes.

241 2631 305 2692 celte,
329 2632 453 2694 ptwddont
476 2649 521 2681 csse
544 2633 640 2682 terbum
662 2632 793 2692 immam,
893 2630 1015 2679 ³Gnsan
1027 2639 1114 2696 quotes
1126 2633 1169 2681 the
1181 2632 1310 2698 following
1322 2633 1395 2697 paral·

241 2714 306 2776 quod
316 2714 364 2761 soto
375 2713 458 2761 unineo
475 2715 612 2776 corteipttnr
628 2721 648 2762 α
664 2713 795 2764 retinetur.-
844 2713 875 2762 lel
890 2730 993 2777 passage
1007 2715 1070 2763 from
1088 2715 1131 2763 the
1145 2716 1214 2764 sixth
1232 2716 1261 2763 of
1275 2717 1319 2764 the
1335 2716 1395 2766 Cute·

241 2793 315 2842 alind
331 2802 454 2842 mensum
473 2795 537 2856 qnod
557 2811 597 2843 oro
616 2794 745 2856 profertur
767 2810 796 2843 uc
843 2795 956 2844 chamot
967 2796 1031 2844 Cra.
1045 2796 1143 2845 Hirr-tt:
1163 2795 1393 2856 ἡμὲνόιόνοιαόξό-

241 2875 365 2924 emittitur.
400 2875 470 2924 ltine
480 2873 545 2923 enlm
556 2875 701 2924 Lactantius
712 2875 794 2924 mitit
844 2895 908 2925 τατα
919 2879 974 2925 νοεῖ·
993 2877 1008 2936 ἡ
1027 2877 1053 2926 δὲ
1069 2878 1175 2938 γλῶσσα
1191 2880 1306 2941 ῥημάτων
1322 2879 1393 2927 δεῖται

241 2955 409 3021 ls'lt.4,ccp.9.
429 2956 521 3005 Melius
529 2956 792 3017 Graecihtyordicnnt,
844 2959 884 3005 nat
907 2960 1038 3018 διηγήσεως
1060 2959 1154 3016 πολλῆς
1176 2959 1225 3005 τῶν
1246 2961 1339 3018 μεταξὺ
1359 2959 1393 3005 λό

157 3090 165 3106 ,
240 3056 316 3103 qnam
329 3056 374 3088 nos
386 3040 496 3089 verbum.
516 3041 590 3101 λόγος
596 3040 662 3088 enim
669 3045 694 3088 et
705 3055 794 3088 sermo
843 3053 902 3100 γων·
920 3040 970 3097 ἅμα
980 3042 1023 3098 μὲν
1034 3042 1083 3102 γὰρ
1090 3041 1216 3101 ὀφθαλμός
1224 3042 1297 3101 χορόν
1306 3042 1394 3101 ἄστρων

241 3118 435 3180 nemsignifioat,
447 3118 609 3166 strationem.
631 3117 662 3164 Et
674 3116 793 3178 Hierony·
844 3123 1031 3183 παραλαμβάνει
1049 3125 1132 3169 πολιν·
1152 3122 1210 3170 ἀλλ’
1227 3124 1287 3170 tras
1299 3123 1329 3171 τό
1343 3123 1394 3170 καθ’

240 3215 295 3246 snos
305 3199 349 3258 cit,
360 3201 435 3260 λόγον
447 3198 536 3248 Groecis
543 3197 681 3261 eipnt'stcort
689 3198 791 3257 emtum,

240 3280 380 3339 arctiorem,
394 3297 531 3340 sennonem,
546 3280 671 3338 restionem,
686 3279 792 3338 niodum,

239 3362 443 3423 supputationem
457 3376 633 3423 nmtnnnpncm
643 3369 664 3409 st
672 3376 720 3423 pro
730 3360 793 3410 libro

240 3444 360 3504 sszsrpori
378 3459 396 3490 c
414 3443 482 3490 nerto
500 3445 573 3503 λέγω,
589 3442 653 3504 qnod
669 3450 708 3501 ost,
729 3442 792 3502 dieo,

238 3522 286 3570 sive
297 3523 387 3584 coltiyo.
408 3523 527 3571 Fnunnn.
546 3523 715 3570 Taurunmsn
727 3540 793 3572 eom·

239 3616 337 3652 menses
360 3604 399 3652 his
421 3603 521 3652 treatise
543 3602 573 3650 ds
598 3602 710 3653 Oratione
733 3605 792 3653 with

238 3685 281 3733 the
299 3685 425 3749 following
443 3685 565 3733 reference
578 3691 605 3733 ιο
624 3686 666 3733 the
681 3687 792 3750 complex

238 3766 293 3814 idea
304 3768 436 3815 contained
448 3769 473 3815 in
485 3769 527 3816 the
540 3768 622 3816 Greek
633 3773 697 3816 terrn
709 3771 789 3828 λόγος,

238 3863 254 3894 a
271 3848 384 3910 predum,
406 3849 435 3896 of
449 3849 528 3896 which
548 3849 629 3897 Sornto
652 3849 701 3896 and
722 3848 792 3896 Ratio

238 3944 288 3987 are,
303 3944 330 3975 so
342 3933 368 3975 to
380 3929 464 3991 npealr,
479 3929 522 3976 the
533 3929 631 3977 factore.
651 3929 698 3977 Dei
710 3929 790 3991 Spiri-

237 4016 283 4069 tus,
299 4017 319 4057 et
337 4007 385 4057 Dei
403 4009 491 4067 Seruio,
508 4016 529 4057 et
544 4010 592 4058 Dei
608 4010 688 4070 Retio,
711 4011 791 4059 Sento

237 4091 357 4151 Rationis,
371 4098 392 4139 et
407 4091 479 4139 Retio
492 4091 622 4151 Sermonis,
637 4100 656 4140 et
672 4092 790 4154 Spiritus,

238 4180 364 4235 utrumqne
374 4172 444 4222 Jesus
454 4171 564 4222 Christus
572 4172 692 4220 Dominus
703 4180 787 4234 noster,

236 4254 289 4312 dac,
311 4255 391 4302 where
408 4262 536 4317 rarumque
547 4254 622 4301 refers
633 4257 660 4300 to
672 4253 788 4316 Spiritus,

235 4335 286 4382 aud
309 4340 335 4383 ιο
358 4336 437 4396 Λόγος
459 4353 486 4385 as
509 4338 551 4385 the
573 4336 741 4385 combination
764 4339 793 4386 of

235 4414 317 4462 Sermo
328 4416 377 4462 and
386 4417 465 4465 Itntio.
483 4417 536 4464 'l’he
547 4418 625 4465 entire
636 4418 789 4480 parenthesis

236 4493 307 4541 reads
319 4494 368 4543 like
380 4513 411 4543 an
424 4497 607 4560 interpolation.

843 3204 945 3250 ἕκαστον
956 3203 1120 3263 διηγήσασθαι
1135 3205 1250 3265 βουληθῇ
1262 3221 1306 3263 τις,
1319 3204 1344 3250 τί
1354 3203 1393 3261 μέν

843 3285 896 3332 ἔστι
911 3286 1046 3346 φωσφόρος,
1066 3283 1091 3330 τι
1110 3286 1136 3332 δὲ
1154 3286 1263 3346 ἕσπερος,
1285 3285 1310 3332 τί
1328 3286 1353 3332 tr
1368 3284 1393 3331 τό

843 3367 897 3415 καθ’
910 3369 941 3427 ἓν,
956 3369 1054 3414 πολλῶν
1065 3366 1182 3415 dreheim
1193 3369 1242 3415 τῶν
1252 3369 1371 3430 ῥημάτων.

891 3447 902 3477 ⁴
918 3447 1069 3509 διοίσουσιν,
1082 3463 1110 3496 ss
1128 3446 1228 3511 printed
1248 3450 1282 3513 by
1294 3449 1391 3506 Geren,

842 3545 945 3591 appears
968 3531 993 3576 iu
1017 3531 1060 3577 the
1088 3534 1138 3578 two
1167 3530 1290 3578 excellent
1318 3529 1390 3578 MSS.

841 3609 921 3659 Voss.
941 3610 991 3658 and
1011 3611 1110 3659 Ctttsrt.
1145 3611 1198 3659 The
1215 3612 1334 3674 messing
1350 3611 1393 3659 evi·

841 3691 960 3756 dentlyis
975 3693 1034 3752 thia,
1051 3693 1108 3741 that
1124 3693 1167 3741 the
1185 3693 1242 3742 idea
1259 3694 1356 3742 formed
1371 3694 1393 3740 in

841 3773 920 3820 man’s
933 3773 1042 3822 intallect
1055 3789 1083 3822 as
1097 3790 1130 3821 an
1141 3774 1332 3823 instantaneous
1346 3780 1391 3831 aet,

841 3868 887 3900 ean
904 3854 962 3917 only
973 3854 1004 3902 be
1021 3855 1148 3903 enounced
1161 3855 1187 3902 in
1204 3871 1221 3903 a
1233 3853 1393 3903 successional

840 3949 945 3982 manner
955 3935 989 3998 by
1000 3935 1067 3983 word
1079 3935 1108 3983 of
1115 3935 1217 3994 mouth;
1235 3936 1279 3983 the
1290 3934 1394 3984 internsl

840 4015 913 4074 λόγος
930 4031 975 4063 can
996 4015 1056 4079 only
1071 4016 1101 4064 be
1118 4015 1239 4064 diaclosed
1256 4016 1392 4080 piecemeat

841 4094 952 4158 Perhaps
968 4096 1118 4158 suffragatur
1128 4098 1149 4144 is
1160 4098 1204 4146 the
1215 4102 1273 4145 truc
1283 4098 1390 4159 reading,

841 4179 980 4240 ψηφίζεται,
995 4195 1023 4226 or
1038 4195 1105 4227 some
1122 4181 1184 4228 such
1200 4180 1268 4229 word
1279 4180 1354 4243 being
1369 4180 1392 4226 in

839 4259 883 4307 the
895 4260 985 4319 Greek,
997 4260 1114 4324 meaning
1123 4261 1226 4310 decides.
1247 4261 1390 4323 Miletum,

839 4340 962 4400 δύσπνοια,
977 4341 1026 4390 GR.
1063 4342 1116 4390 The
1133 4342 1390 4391 An.andMRRC.11.

839 4420 916 4470 MSS.
931 4423 994 4470 have
1005 4422 1144 4484 ntffocotnr.

887 4502 898 4532 ⁶
915 4502 944 4549 rto
954 4503 1028 4563 semel,
1045 4505 1151 4564 ἐφάπαξ.
