2954 4986
250 357 300 430 56
636 372 1015 424 vsunurrumuosuu

94 566 145 650 1413.
149 566 195 650 lup.
201 567 232 649 pp
252 534 327 609 θέας
362 532 549 627 άπέχεσθαι
582 532 680 608 ἐνίους
711 532 826 602 αὐτῶν.
871 532 920 601 Οἱ
946 529 982 600 δέ
1004 531 1058 601 καῖ
1084 541 1158 606 ταῖς
1187 537 1246 611 τῆς
1280 527 1404 626 σαρκὸς

89 639 237 696 “mlli-
251 643 377 726 ἡδοναῖς
393 645 582 741 κατακόρως
599 641 804 719 δουλεύοντες
822 641 867 713 τὰ
891 640 1032 740 σαρκικὰ
1059 653 1130 718 τοῖς
1155 653 1332 739 σαρκικοῖς,
1350 643 1402 710 καῖ

250 754 295 831 τά
313 752 513 838 πνευματικά
531 766 603 831 τοῖς
622 765 849 838 πνευματικοῖς
865 753 1087 826 ἀποδίδοσθαι
1099 755 1249 845 λέγουσι.
1280 754 1352 822 Καὶ
1373 757 1405 822 οἱ

250 867 309 952 μὲν
334 869 440 939 αιῖτῶν
467 864 578 966 λάθρα
607 866 669 943 τὰς
697 865 930 950 διδασκομένας
959 869 1011 936 ὑπ’
1041 868 1146 938 αιῖπῶν
1176 867 1236 948 την
1268 865 1403 961 διδαχὴν

250 982 374 1062 ταύτην
411 989 561 1070 γυναῖκας
593 977 850 1078 διαφθείρουσιν,
881 983 922 1055 ῶς
954 973 1123 1084 [πολλαὶ]
1154 976 1320 1054 πολλάκις
1350 978 1401 1048 ὑπ’

252 1093 338 1162 ἐνίων
356 1093 461 1162 αὐτῶν
479 1089 750 1184 ἐξαπατηθεῖσαι,
770 1093 886 1163 ἔπειτα
906 1092 1163 1190 ἐπιστρέψασαι
1189 1101 1335 1182 γυναῖκες
1361 1094 1401 1166 εῖς

252 1206 313 1286 τὴν
347 1203 522 1285 ἐκκλησίαν
555 1209 618 1274 τοῦ
654 1204 748 1287 θεοῦ,
784 1203 843 1272 σὺν
874 1206 917 1295 τῇ
946 1209 1053 1296 λοιπῇ
1079 1200 1186 1296 πλάνη
1212 1203 1267 1272 καῖ
1295 1209 1400 1274 τοῦτο

252 1314 566 1410 ἐξωμολογήσαντο·
588 1318 620 1385 οῖ
637 1313 672 1385 δέ
690 1315 743 1385 καῖ
762 1312 907 1385 κατὰτὸ
927 1313 1072 1414 φανερῶν
1090 1312 1398 1412 άπερυθριάσαντες,

252 1430 295 1500 ῶν
312 1427 352 1498 ab
369 1429 535 1526 ἐρασθῶσι
562 1432 726 1519 γυναικῶν,
749 1428 872 1502 ταύτας
897 1427 953 1496 ἀπ’
982 1426 1104 1524 ἀνδρῶν
1128 1424 1399 1509 ἀποσπάσαντες,

251 1538 333 1615 ι’δῖας
358 1537 508 1631 γαμετὰς
533 1541 715 1630 ἡγήσαντο.
755 1536 887 1609 Ἀλλοι
916 1536 951 1608 δέ
979 1536 1018 1609 αὖ
1049 1536 1152 1609 πάλιν
1182 1544 1306 1620 σεμνῶς
1327 1542 1400 1610 κατ’

251 1649 367 1750 άρχάς,
389 1654 429 1727 οἷς
451 1654 526 1734 μετ’
542 1649 697 1750 ἀδελφῶν
726 1652 1006 1748 προσποιούμενοι
1036 1662 1200 1734 συνοικεῖν,
1224 1653 1401 1748 προϊόντος

251 1770 313 1836 τοῦ
348 1765 471 1861 χρόνου
502 1765 724 1859 ηλέγχθησαν,
758 1765 935 1854 ἐγκύμονος
970 1770 1028 1845 τῆς
1066 1762 1212 1862 ἀδελφῆς
1247 1763 1313 1834 ὑπὸ
1341 1770 1401 1835 τοῦ

252 1875 404 1974 ἆδελφοῖῖ
430 1877 626 1966 γενηθείσης.
656 1875 727 1944 Καὶ
757 1873 848 1945 ἅλλα
877 1873 912 1944 δέ
944 1873 1059 1946 πολλά
1085 1878 1219 1973 μυσαρά
1241 1877 1297 1946 καῖ
1322 1875 1401 1947 όθεα

252 1985 473 2086 πράσσοντες,
491 1990 577 2069 ἡμῶν
593 1986 652 2070 μὲν
672 1985 723 2056 διὰ
743 1985 804 2058 τόν
824 1988 940 2086 φόβον
956 1993 1017 2058 τοῦ
1033 1988 1121 2058 θεοῦ
1138 1989 1402 2086 φυλασσομένων

251 2100 304 2169 καῖ
339 2100 456 2198 μέχρις
487 2100 607 2175 ε’ννοῖας
639 2100 691 2169 καῖ
721 2100 830 2190 λόγου
858 2102 1027 2196 ἁμαρτεῖν,
1055 2100 1332 2199 κατατρέχουσιν,
1364 2105 1402 2176 ῶς

252 2209 394 2295 ἰδιωτῶν,
437 2211 490 2281 καῖ
536 2209 634 2293 μηδὲν
669 2212 904 2294 ἐπισταμένων·
942 2211 1073 2287 ἑαυτοὺς
1107 2210 1142 2282 δέ
1180 2213 1401 2312 ὖπερυψοῦσι,
1415 2241 1473 2280 un.

249 2455 470 2541 spectaculum.
503 2455 642 2530 Quidam
660 2461 767 2518 autem
784 2461 818 2517 et
835 2452 938 2516 carnis
947 2452 1161 2537 voluptatibus
1178 2452 1402 2518 insatiabiliter

248 2555 462 2625 inservientes.
496 2555 636 2619 carnalia
669 2554 856 2626 oarnalibus‚
891 2551 1047 2636 spiritalia
1079 2551 1274 2637 spiritalibus
1312 2553 1402 2616 reddi

250 2654 374 2719 dicunt.
425 2653 471 2718 Et
496 2654 625 2739 quidam
656 2653 783 2738 quidem
806 2675 844 2717 ex
870 2651 945 2736 ipsis
972 2651 1053 2716 clam
1077 2674 1130 2716 eas
1153 2651 1311 2723 mulieres,
1330 2674 1402 2735 quae

250 2753 376 2817 discunt
400 2751 442 2816 ab
468 2754 514 2818 eis
541 2754 720 2817 doctrinam
752 2753 843 2831 hano,
875 2759 1099 2835 corrumpunt:
1135 2751 1402 2834 quemadmodum

249 2852 359 2917 multae
376 2873 461 2936 saepe
482 2853 523 2916 ab
542 2851 579 2915 iis
600 2873 709 2926 suasa,
725 2860 798 2936 post
816 2872 974 2914 conversae
1000 2849 1144 2913 mulieres
1167 2849 1209 2912 ad
1229 2849 1402 2914 Ecclesiam

250 2948 321 3027 Dei,
347 2973 419 3015 cum
444 2951 564 3036 reliquo
590 2973 697 3015 errore
722 2959 756 3014 et
781 2950 841 3012 hoc
866 2948 1015 3013 confessae
1040 2958 1124 3012 suut.
1176 2948 1243 3011 Alii
1266 2971 1341 3012 vero
1367 2958 1401 3012 et

249 3050 425 3125 manifeste,
454 3073 495 3114 ne
528 3051 656 3136 quidem
688 3050 917 3122 erubescentes,
947 3069 1147 3132 quascunque
1179 3047 1401 3112 adamaverint

248 3151 403 3226 mulieres,
433 3151 490 3214 has
517 3172 538 3214 a
560 3150 634 3214 viris
656 3149 720 3214 suis
749 3147 979 3225 abstrahentes,
1005 3169 1077 3210 suas
1102 3155 1219 3231 nuptas
1245 3148 1400 3213 fecerunt.

248 3250 311 3313 Alii
337 3271 411 3313 vero
434 3249 525 3313 valde
550 3251 693 3312 modeste
720 3247 821 3325 initio,
842 3246 931 3332 quasi
956 3268 1028 3310 cum
1055 3246 1215 3310 sororibus
1243 3246 1401 3332 fingentes

247 3347 403 3424 habitare,
421 3348 614 3431 procedente
631 3355 775 3432 tempore
791 3345 985 3410 manifestati
1001 3353 1085 3418 sunt,
1103 3345 1236 3432 gravida
1255 3368 1366 3410 sorore
1380 3368 1400 3411 a

247 3446 348 3509 fratre
365 3447 461 3512 sacta.
509 3445 555 3509 Et
572 3445 634 3509 alia
651 3447 752 3510 multa
774 3446 884 3509 odiosa
908 3454 941 3509 et
967 3445 1141 3530 irreligiosa
1160 3444 1325 3518 iacientes,
1343 3467 1400 3509 nos

248 3543 384 3628 quidem,
402 3543 456 3628 qui
474 3566 530 3628 per
543 3544 690 3607 timorem
709 3543 770 3608 Dei
785 3544 932 3608 timemus
949 3543 1046 3609 etiam
1063 3565 1162 3628 usque
1184 3543 1218 3606 in
1239 3545 1400 3609 mentibus

247 3642 420 3707 nostriset
445 3643 641 3707 sermonibus
666 3665 807 3728 peccare,
833 3654 972 3729 arguunt
998 3643 1086 3728 quasi
1109 3643 1235 3717 idiotas,
1250 3659 1297 3708 ·et
1322 3645 1399 3708 nihil

245 3741 400 3816 scientes3
429 3743 615 3828 semetipsos
643 3743 811 3814 extollunt,
840 3743 996 3827 perlectos
1025 3753 1182 3815 vocantes,
1212 3752 1246 3808 et
1279 3744 1399 3808 semina

245 3840 415 3906 electionis.
444 3841 511 3907 Nos
529 3843 612 3907 enim
630 3843 661 3906 in
678 3865 736 3907 usu
754 3842 891 3929 gratiam
909 3841 1050 3927 accipere
1068 3842 1187 3917 dicunt,
1203 3854 1400 3928 quapropter

243 4062 332 4111 should
348 4062 378 4110 be
394 4060 629 4110 raadhestioriorum
645 4067 665 4108 et
679 4059 798 4121 plodialo
846 4059 872 4108 in
894 4059 993 4121 lorycase
1014 4064 1041 4107 to
1063 4060 1105 4107 the
1127 4059 1220 4122 people.
1268 4059 1397 4110 Maesone

242 4161 306 4205 rora,
319 4144 436 4206 bringing
446 4144 488 4192 the
499 4143 645 4191 translation
657 4142 710 4189 into
721 4141 798 4189 closer
845 4141 930 4189 makes
952 4142 995 4189 tho
1021 4142 1178 4204 appropriate
1203 4142 1308 4189 citatiou
1334 4143 1396 4191 from

243 4227 365 4288 harmony
386 4225 448 4273 with
474 4225 518 4272 the
544 4224 628 4272 Greek
654 4227 724 4281 text3
751 4223 796 4271 but
846 4221 994 4270 Scammos
1010 4221 1038 4269 in
1056 4222 1129 4272 Ocea:
1146 4222 1240 4270 Bestius
1256 4239 1349 4286 qaoque
1364 4224 1397 4272 od

243 4320 332 4354 munus
347 4321 397 4352 was
416 4321 432 4352 a
449 4309 512 4352 term
530 4304 559 4351 of
571 4304 614 4351 the
632 4319 713 4362 arena,
735 4319 795 4366 very
844 4317 932 4350 πιαιιιω
947 4304 1033 4365 populi
1048 4311 1200 4365 conparatos
1215 4305 1396 4354 amidam

242 4387 328 4450 nearly
342 4385 483 4449 equivalent
499 4390 525 4432 to
543 4384 585 4431 the
603 4382 708 4446 Spanish
726 4383 793 4431 Fun·
843 4385 1120 4448 ...Ediditrpawcula
1129 4386 1396 4449 semipane-iamneae

242 4467 347 4529 clouds
355 4474 423 4525 ιοηοι,
438 4465 555 4527 &claud
569 4470 654 4513 meant
671 4464 792 4512 tbeaxhi·
839 4467 1022 4529 yladrbtorlum,
1056 4470 1126 4519 ludos
1152 4470 1226 4520 etium
1253 4471 1395 4534 manaim

242 4548 321 4597 bition
338 4547 368 4596 of
383 4563 432 4611 aoy
450 4547 534 4611 public
551 4546 672 4610 spectacla
688 4546 792 4610 granted
840 4549 898 4599 arbe
908 4556 963 4600 toto.
