2954 4986
539 341 828 397 MARCOSIORUM.
1190 333 1253 398 141

10 516 81 603 Q
104 499 268 597 φανέντος
293 500 456 585 ἐπισήμου
479 504 522 578 είς
548 500 649 573 alell
680 499 718 573 δι’
747 503 849 574 ου’τοῦ
875 497 917 607 [l.
938 505 980 579 είς
1007 504 1169 588 ἐπίσημον
1195 512 1419 624 rofinppnfvuup.

1319 615 1322 622 ι
1345 596 1379 623 ιΧ.

10 610 70 655 '‘⁴7·
103 609 138 681 δε
150 606 312 716 ἀριθμοῦ]
327 615 500 704 γενομένην
515 614 738 706 ἆναγέννησιν.
759 613 886 684 Ἔνθεν
897 615 951 684 καί
964 613 1009 686 τὰ
1030 614 1134 688 διπλᾶ
1148 620 1257 716 γρᾶμ-
1270 631 1420 716 ωδε-ιω·

100 754 195 806 ματα
221 723 282 795 τὸν
304 725 446 823 ἀριθμὸν
468 727 649 810 Ῑἐπίσημον
670 727 757 822 ἔχειν
783 727 897 825 φησίν.
932 727 977 796 Ὁ
1002 725 1071 826 γὰρ
1098 730 1417 812 ε’πίσημοςῌ“

101 835 241 934 ἆριθμδς
267 838 464 936 συγκραθείς
488 850 560 916 τοῖς
590 839 861 937 είκοσιτέσσαρσι
886 840 1078 935 στοιχείοις,
1096 839 1139 912 τδ
1163 873 1259 940 τρια-

100 979 204 1020 κοντα
234 947 439 1046 γράμματον
456 952 568 1035 ιὄνομα
597 951 792 1021 ἀπετέλεσε.

182 1064 215 1130 8.
268 1061 446 1159 Κέχρηται
472 1062 507 1133 δὲ
529 1063 665 1153 διακόνῳ
691 1070 745 1152 τῷ
769 1068 835 1134 τῶν
853 1059 940 1134 ἑπτὰ
969 1063 1116 1161 ἆριθμῶν
1141 1068 1259 1157 'nepe'-

101 1175 161 1255 θει,
182 1172 223 1248 ὥς
243 1180 347 1271 φησιν
373 1179 390 1257 ή
417 1175 560 1274 Μάρκου
587 1176 685 1266 Σιγή,
703 1176 756 1246 ‘lua
783 1183 842 1257 τῆς
859 1176 1115 1262 αιίτοβουλήτου
1131 1180 1258 1265 βουλῆς

101 1289 278 1382 φανερωθή
301 1288 320 1355 ὁ
344 1290 481 1386 καρπός.
516 1287 589 1358 Τὸν
613 1288 672 1370 μέν
698 1318 753 1359 τοι
777 1289 938 1371 ἐπίσημον
963 1294 1086 1360 τοῦτον
1116 1289 1258 1389 ἀριθμὸν

101 1393 227 1503 [Hirr.
243 1404 319 1470 delet
337 1405 460 1471 τοῦτον
477 1396 551 1506 ἄρ’]
572 1400 627 1470 ἐπί
650 1406 713 1471 τοῦ
733 1402 909 1499 παρόντος,
931 1401 1025 1499 φησί,
1044 1400 1105 1473 τδν
1123 1403 1178 1474 ε’πί
1195 1409 1259 1475 τοῦ

100 1511 266 1596 ε’πισήμου
298 1513 522 1612 μορφωθέντα
563 1514 689 1596 νόησον,
728 1513 789 1584 τὸν
823 1512 939 1610 ὥσπερ
978 1516 1181 1613 μερισθέντα
1216 1512 1256 1599 3ή

102 1624 370 1722 διχοτομηθέντα
402 1624 456 1695 καί
487 1623 549 1718 ἔξω
580 1625 747 1709 μείναντα,
779 1626 813 1702 ὃς
838 1628 881 1718 τῇ
912 1626 1032 1694 ἑαυτοῦ
1060 1624 1187 1710 δυνάμει
1216 1659 1257 1700 τε

100 1739 156 1809 καί
183 1739 354 1838 φρονήσει,
381 1734 434 1807 διὰ
453 1744 512 1819 τῆς
536 1738 592 1807 ἄπ’
624 1738 726 1807 αὐτοῦ
750 1739 926 1837 προβολῆς
951 1742 1075 1808 τοῦτον
1100 1736 1161 1810 τδν
1190 1744 1257 1811 τῶν

10 1905 18 1926 ι
101 1848 190 1922 ἔπτὰ
216 1849 382 1933 δυνάμεων,
404 1849 458 1920 καί
487 1845 593 1955 [κατὰ
612 1853 715 1920 ΗΙΡΡ.
738 1853 871 1933 μιμήσει
892 1842 1010 1952 tanton]
1035 1851 1172 1933 μίμησιν
1198 1859 1257 1934 τῆς

99 1961 309 2051 4ἑβδομάδος
342 1960 508 2046 δυνάμεως,
545 1962 707 2059 ἐψιίχιοσε
739 1964 877 2047 κόσμον,
911 1964 965 2033 καί
1005 1963 1122 2058 ψυχήν
1158 1964 1255 2036 ἔθετο

99 2170 150 2229 est
171 2161 302 2249 insignis
327 2161 360 2226 in
386 2184 458 2226 eum
479 2182 655 2228 numerum.
708 2160 796 2226 Hinc
817 2159 915 2226 etiam
934 2168 968 2226 et
987 2160 1128 2246 duplices
1145 2161 1255 2227 literas

98 2284 267 2326 numerum
284 2261 438 2348 insignem
454 2260 574 2325 hebere
591 2261 646 2326 ait.
688 2260 825 2347 Insignis
843 2259 927 2324 enim
944 2281 1094 2324 numerus
1105 2259 1254 2325 commix-

98 2374 154 2426 tus
167 2361 277 2448 viginti
296 2370 434 2447 quatuor
449 2361 612 2426 elementis
630 2385 698 2425 xxx
711 2360 877 2425 literarum
897 2381 1013 2424 nomen
1034 2359 1195 2445 explicuit.

178 2466 209 2526 8.
241 2460 328 2525 Usus
341 2470 391 2525 est
403 2466 510 2524 autem
525 2459 668 2524 Diacono
679 2468 801 2546 septem
812 2481 1015 2524 numerorum
1026 2458 1254 2545 magnitudine,

100 2561 368 2646 quemadmodum
385 2560 464 2625 dicit
484 2559 588 2623 Marci
609 2559 693 2647 Sige,
711 2567 749 2623 ut
766 2559 807 2623 ab
831 2581 865 2624 se
885 2558 1036 2645 cogitatae
1052 2558 1255 2644 cogitationis

98 2659 323 2726 manifestetur
338 2660 471 2726 fructus.
519 2657 564 2723 Et
584 2659 740 2745 insignem
764 2659 891 2744 quidem
918 2659 1003 2724 hunc
1028 2680 1195 2722 numerum
1221 2658 1254 2722 in

98 2760 260 2846 praesenti,
273 2760 329 2837 ait,
344 2782 417 2823 eum
434 2759 488 2844 qui
502 2759 543 2822 ab
561 2758 675 2845 insigni
686 2759 841 2845 figuratus
859 2768 907 2823 est
921 2758 1055 2844 intelligi
1069 2756 1252 2847 [intellige]

99 2882 174 2924 eum
191 2859 245 2944 qui
262 2859 352 2945 qussi
371 2859 402 2922 in
420 2866 529 2944 partes
546 2857 664 2922 divisus
681 2871 740 2932 est,
755 2866 812 2923 aut
825 2858 985 2943 praecisus,
1004 2868 1037 2923 et
1055 2859 1132 2922 soris
1149 2881 1255 2942 perse·

99 2959 229 3028 seravit,
242 2959 296 3044 qui
309 2980 366 3022 sua
379 2957 498 3022 virtute
516 2966 549 3022 et
567 2958 737 3043 prudentia
751 2979 890 3042 peream
905 2980 977 3042 quae
989 2965 1038 3027 est
1050 2957 1091 3020 ab
1108 2979 1146 3020 eo
1162 2956 1254 3022 emis-

98 3059 230 3136 sionem,
248 3058 343 3134 hunc,
361 3057 415 3143 qui
440 3063 490 3122 est
506 3058 647 3142 ⁶septem
664 3057 829 3131 virtutum,
848 3057 1021 3120 secundum
1044 3054 1254 3119 imitationem

97 3241 158 3283 nent
178 3234 250 3284 αιάιιι
273 3234 371 3284 Tmoli.
394 3234 437 3284 lie.
455 3246 480 3283 v.
499 3235 557 3284 cdv.
579 3234 651 3284 Ματ-
750 3232 882 3294 ’μεγέθεα
902 3231 1003 3296 namely
1025 3231 1136 3292 ἀληθείᾳ,
1159 3231 1255 3295 haring

98 3316 191 3366 εἰοιιεια
201 3333 254 3379 cap.
267 3334 291 3377 4.
305 3316 461 3379 Auqssetieue
472 3315 552 3364 Τιαα.
565 3329 611 3364 120
621 3315 650 3363 in
701 3331 776 3364 seven
798 3315 892 3364 letters.
944 3314 1131 3376 Δυιοβονλήιου
1155 3314 1252 3376 βουλῆς,

98 3397 191 3449 Ιολοιι.
204 3406 224 3447 et
241 3398 313 3447 Beda
325 3398 354 3446 ιἰι
367 3413 420 3460 cap.
435 3411 472 3463 ¹9·
489 3397 580 3448 lotan.
610 3396 651 3446 stc
702 3397 818 3460 meaning
836 3397 879 3446 the
899 3394 1066 3459 independent
1084 3397 1205 3457 σιλληψιι
1226 3393 1256 3443 of

99 3486 179 3527 αιιιευι
196 3494 250 3527 eum
266 3478 331 3527 diem
346 3478 483 3541 appellant,
502 3477 567 3540 quod
579 3477 651 3540 jem
701 3478 852 3527 Achamoth.
888 3477 956 3526 Here
967 3493 1007 3525 see
1018 3477 1060 3525 the
1071 3477 1175 3540 prelace.

99 3559 171 3621 lapis
193 3559 365 3621 prescriptum
392 3575 471 3622 poree
500 3558 649 3618 tenimentis,
751 3557 1003 3620 ’ήδιχοτομηθέντα,
1016 3559 1086 3607 these
1098 3558 1178 3607 words
1194 3557 1253 3606 read

99 3642 165 3702 ethis,
178 3643 326 3705 εοιηιοεῶιιι,
338 3649 359 3690 et
369 3642 460 3704 αιιίοιιζι
476 3657 512 3690 ece
526 3657 571 3690 ease
587 3641 650 3690 deee-
701 3639 752 3688 like
763 3655 779 3687 a
789 3639 856 3702 gloss
870 3639 935 3687 from
946 3639 990 3687 the
1000 3639 1106 3702 margin,
1121 3639 1253 3686 Hu’ronn·

99 3725 147 3784 tae,
159 3724 202 3786 qul
212 3741 309 3773 ιαιτυια
315 3723 650 3773 Paectaeesentcelehrateri.
702 3732 751 3768 'rus
767 3720 841 3768 omits
857 3720 934 3768 them.
970 3719 1034 3780 Still,
1051 3720 1073 3768 if
1087 3721 1147 3784 they
1162 3737 1204 3768 are
1220 3736 1253 3768 an

102 3806 170 3856 Unde
185 3813 206 3856 et
215 3807 360 3856 Iudaeorum
368 3805 496 3869 principes
508 3821 558 3854 non
575 3806 651 3852 intra·
703 3801 887 3865 interpolation,
903 3801 947 3850 the
968 3802 1102 3851 translator
1120 3802 1170 3851 had
1185 3803 1254 3851 them

100 3890 191 3934 venunt
197 3886 341 3949 pretorium
350 3887 433 3946 Pilati,
439 3891 469 3934 ut
475 3902 525 3934 non
534 3885 653 3934 contami·
703 3883 730 3930 in
743 3882 781 3930 his
793 3897 864 3945 copy.

99 3972 221 4016 narentur
233 3967 279 4029 (ait
289 3967 450 4031 Ευοιιροὶίιια)
461 3968 503 4016 sed
514 3969 578 4031 μυσί
587 3967 652 4016 cide·
753 3962 918 4026 *ἐβδομάδοη
943 3963 986 4012 the
1014 3962 1151 4028 Demiurge
1178 3962 1256 4012 called

100 4049 153 4100 lieet
164 4050 340 4100 manducarent
350 4051 455 4101 Pascha.
474 4051 581 4101 Fecere.
705 4045 857 4106 Hebdomas,
886 4058 906 4096 1.
929 4047 943 4105 ξ
965 4061 989 4111 9.
1031 4045 1186 4110 Hippolytus
1212 4045 1257 4093 has

150 4129 160 4160 ¹
177 4132 219 4178 τὸν
230 4131 329 4192 αριθμὸν
339 4133 464 4192 ἐπίσημον,
476 4132 521 4181 ἱ.ο.
531 4132 574 4180 the
581 4146 653 4178 num·
706 4128 879 4187 έπσδυνιίμου,
901 4127 952 4176 and
969 4128 1012 4176 the
1031 4143 1102 4175 sense
1122 4126 1205 4174 would
1225 4126 1257 4174 be

101 4212 146 4260 ber
161 4209 185 4270 6,
205 4210 234 4258 os
246 4211 327 4259 which
344 4213 387 4260 the
404 4215 522 4272 ἐπίσημον
537 4213 587 4274 βαΰ
604 4227 654 4260 was
704 4209 749 4257 the
759 4224 840 4268 same;
857 4209 898 4256 sor
907 4208 968 4257 each
979 4208 1009 4256 of
1017 4208 1060 4256 the
1067 4223 1140 4256 esven
1148 4208 1257 4255 heavens

100 4289 145 4336 the
167 4286 273 4351 symbol,
298 4288 348 4336 and
370 4289 399 4337 of
418 4289 499 4337 which
521 4289 564 4337 the
585 4289 655 4337 three
706 4288 819 4354 presided
835 4305 895 4338 over
910 4289 998 4353 hythe
1011 4288 1148 4351 Demiurge
1159 4302 1209 4335 was
1223 4302 1257 4334 an

101 4370 192 4419 double
209 4375 367 4431 consonante,
385 4371 457 4419 when
473 4370 585 4420 resolved
601 4371 655 4419 into
706 4370 802 4434 angelio
813 4387 910 4419 essence
921 4386 949 4418 or
960 4371 1063 4428 δίναμιι.

101 4452 168 4501 their
201 4452 289 4516 simple
321 4452 449 4514 clemente,
481 4453 583 4503 cortun
613 4451 656 4502 the
756 4451 823 4513 lat,
835 4451 941 4501 omitted
951 4451 986 4514 by
997 4445 1258 4509 anonumum

101 4550 167 4583 sum.
708 4533 752 4582 the
764 4531 864 4582 Cursu.
877 4531 927 4582 and
938 4531 1046 4582 Altum
1059 4528 1136 4580 MSS.
