2954 4986
242 331 308 399 220
689 347 931 402 anonumum.

77 523 221 608 mapuvr.
316 509 412 579 Ἀπὸ
431 508 638 606 Σατορνίνου
654 508 708 576 καί
727 506 924 606 Μαρκίωνος
942 511 976 579 οἱ
998 510 1197 592 καλούμενοι
1221 510 1402 608 ἐγκρατεῖς,
1414 547 1448 586 ιιι

87 617 218 701 ⁰¹}l31lfu'
243 620 391 714 ιίγαμίαν
409 618 573 719 ἐκήρυξαν,
591 620 805 697 ιἀθετοῦντες
828 621 888 703 τὴν
907 623 1053 719 α’ρχαίαν
1076 620 1209 692 πλάσιν
1227 629 1292 693 τοῦ
1310 623 1402 706 Θεοῦ,

100 709 205 794 indidi]
242 737 296 806 καὶ
337 736 439 834 ἡρέμα
471 739 737 832 κατηγοροῦντες
770 738 833 804 τοῦ
862 732 960 831 ἅρῤεν
988 735 1043 804 καί
1076 737 1161 817 θῆλυ
1193 738 1237 812 είς
1275 736 1403 826 γένεσιν

75 882 228 923 asanaa.
243 847 421 948 ἆνθριῦπων
464 848 695 929 πεποιηκότος·
741 846 795 916 καί
837 851 903 918 τῶν
948 847 1137 939 λεγομένων
1173 850 1258 947 παρ’
1294 850 1403 926 adroic

138 931 167 970 a
242 960 405 1058 ἐμψύχων
448 960 581 1055 α’ποχην
620 961 854 1050 εἰσηγήσαντο,
893 960 1159 1057 ἀχαριστοῦντες
1198 968 1255 1051 τῷ
1290 959 1401 1032 πάντα

241 1074 437 1156 πεποιηκότι
473 1072 557 1162 θεῷ.
611 1070 854 1163 Ἀντιλίγουσί
886 1104 926 1143 τε
959 1079 1002 1166 τῇ
1031 1079 1094 1144 τοῦ
1118 1071 1402 1173 πρωτοπλιίστου

240 1188 399 1286 σωτηρίᾳ·
425 1185 479 1255 καί
512 1190 619 1256 τοῦτο
650 1190 701 1255 νῦν
732 1182 881 1283 ἐξευρέθη
916 1186 994 1284 παρ’
1032 1187 1154 1263 αὐτοῖς.
1207 1187 1401 1259 ’Τατιιίνου

237 1303 327 1376 τινός
363 1296 501 1398 προίτως
538 1299 663 1380 ταύτην
700 1298 948 1388 εἰσενέγκαντος
981 1298 1041 1380 την
1077 1300 1324 1398 βλασφημίαν
1368 1302 1400 1378 ὃς

238 1412 421 1483 ’Ῑουστίνου
441 1411 605 1509 α’κροατίης
625 1409 780 1502 γεγονὼς,
808 1411 939 1510 ἐφόσον
961 1408 1021 1495 μὲν
1046 1414 1143 1494 συνῆν
1169 1414 1289 1504 ἐκείνῳ,
1312 1412 1401 1485 οῦδὲν

238 1523 376 1624 ε’ξίφηνε
404 1529 572 1595 τοιοῦτον·
602 1521 689 1607 μετὰ
720 1521 754 1593 δὲ
782 1523 842 1607 την
868 1524 986 1594 ἐκείνου
1020 1526 1209 1624 μαρτυρίαν
1233 1525 1448 1633 ‘broc-eben

236 1646 295 1721 τῆς
330 1637 538 1719 Ἐκκλησίας,
567 1639 700 1718 αι’ἡματι
729 1632 931 1707 ῦιθασκόλου
957 1638 1109 1735 ἐπαρθείς
1137 1637 1192 1709 καί
1235 1640 1399 1740 τυφωθεὶς

237 1754 276 1827 ὣς
303 1749 467 1850 διαφέρων
492 1753 558 1820 τῶν
579 1754 715 1834 λοιπῶν,
740 1747 823 1818 idion
848 1756 1046 1848 χαρακτῆρα
1070 1748 1309 1823 διδασκαλείου
1328 1785 1398 1824 συν-

237 1868 420 1946 εστήσατο·
447 1858 576 1938 Albucio
600 1893 691 1939 τινας
716 1857 881 1960 αόρότους
910 1863 1028 1945 ὁμοίως
1050 1873 1122 1939 τοῖς
1152 1864 1224 1936 dmi
1251 1866 1397 1936 Οῦαλεν-

236 1977 329 2048 τίνου
347 1980 595 2066 μυθολογήσας·
619 1977 681 2045 τόν
699 1971 810 2066 γόμον
826 2007 866 2046 τε
886 1973 1020 2074 φθορὰν
1036 1975 1090 2046 καί
1109 1979 1270 2076 πορνείαν
1290 2010 1396 2078 παρα-

236 2089 384 2170 πλησίως
413 2088 584 2186 Μαρκίωνι
616 2087 670 2157 καί
701 2087 894 2185 Σατορνίνῳ
924 2090 1161 2187 α’ναγορεῦσας·
1191 2097 1243 2183 τῇ
1271 2089 1308 2162 δὲ
1337 2094 1396 2163 τοῦ

233 2200 348 2285 'Alba
368 2203 515 2299 σωτηρίᾳ
535 2202 616 2300 παρ’
633 2201 751 2271 ἑαυτοῦ
768 2200 848 2283 3τὴν
864 2203 1079 2294 αἰτιολογίαν
1096 2204 1336 2286 ποιησόμενος.

238 2356 288 2422 Ut
319 2356 455 2442 exempli
486 2355 592 2443 gratia
622 2354 773 2432 dicamus,
803 2376 824 2418 a
857 2354 1031 2420 Saturnino
1059 2364 1093 2422 et
1124 2357 1312 2441 Marcione,·
1343 2360 1392 2447 qui

236 2463 393 2521 vocantur
418 2457 638 2532 Continentes,
665 2453 892 2519 abstinentiam
919 2478 940 2520 a
964 2456 1084 2541 nuptiis
1107 2459 1392 2542 annuntiaverunt,

235 2557 427 2620 frustrantes
460 2555 625 2639 antiquam
658 2554 900 2640 plasmationem
936 2555 1032 2634 ⁴Dei‚
1067 2563 1102 2622 et
1136 2557 1268 2643 oblique
1301 2583 1391 2625 accu-

233 2663 341 2720 santes
369 2677 450 2732 eum,
482 2655 536 2739 qui
566 2662 599 2719 et
629 2655 804 2718 masculum
833 2661 867 2719 et
894 2655 1056 2720 foeminam
1083 2657 1126 2720 ad
1148 2659 1390 2743 generationem

233 2754 419 2818 ⁴hominum
446 2754 540 2818 fecit:
578 2765 613 2818 et
638 2775 749 2818 eorum
774 2776 846 2838 quae
874 2754 1024 2820 dicuntur
1048 2757 1134 2841 apud
1161 2778 1217 2822 eos
1243 2759 1390 2825 animalia

233 2853 459 2920 abstinentiam
477 2853 681 2927 induxerunt,
704 2853 823 2940 ingrati
840 2854 1030 2920 exsistentes
1057 2855 1086 2920 ei
1110 2856 1165 2942 qui
1188 2859 1301 2924 omnia
1317 2860 1389 2925 fecit

234 2956 317 3020 Deo.
370 2953 603 3019 contradicunt
624 2975 749 3039 quoque
771 2954 839 3039 ejus
862 2954 967 3033 saluti,
992 2955 1046 3040 qui
1066 2956 1187 3042 primus
1212 2957 1388 3042 plasmatus

232 3063 301 3122 est:
329 3063 363 3120 et
380 3054 440 3119 hoc
465 3076 549 3119 nunc
572 3053 777 3119 adinventum
798 3062 847 3118 est
864 3055 950 3138 apud
971 3077 1034 3119 eos.
1087 3054 1228 3121 Tatiano
1252 3059 1386 3143 quodam

232 3157 335 3243 primo
360 3155 442 3220 hanc
468 3155 691 3219 introducente
713 3152 961 3238 blasphemiam:
990 3154 1044 3240 qni
1069 3178 1142 3220 cum
1159 3165 1246 3235 esset
1266 3158 1292 3222 J
1294 3158 1386 3223 ustini

231 3257 369 3331 auditor,
395 3255 427 3319 in
458 3263 613 3341 quantum
641 3253 768 3339 quidem
795 3253 880 3337 apud
912 3275 985 3318 eum
1009 3261 1091 3332 erat,
1117 3255 1198 3319 nibil
1227 3258 1385 3323 enarravit

232 3356 316 3420 tale:
344 3361 418 3439 post
434 3376 509 3419 vero
526 3353 608 3416 illius
633 3353 823 3436 martyrium
846 3351 1001 3418 absistens
1018 3356 1060 3420 ab
1078 3354 1234 3435 Ecclesia,
1252 3370 1287 3423 et
1307 3379 1384 3444 pra>-

231 3454 411 3538 sumptione
431 3451 576 3538 magistri
602 3452 704 3516 elatus
728 3459 762 3515 et
788 3452 926 3532 inflatus,
946 3455 1034 3539 quasi
1052 3477 1119 3541 prae
1143 3458 1272 3522 coeteris
1294 3467 1382 3533 esset,

231 3552 395 3637 proprium
424 3552 642 3616 characterem
667 3551 822 3616 doctrinae
848 3554 1033 3619 constituit:
1065 3555 1206 3621 ⁶AEonas
1233 3559 1383 3644 quosdam

229 3648 399 3716 invisibiles
414 3651 560 3716 similiter
576 3659 673 3736 atque
690 3651 723 3714 hi
737 3651 790 3736 qui
808 3675 828 3716 a
846 3650 1020 3719 Valentino
1037 3664 1123 3732 sunt,
1143 3656 1232 3722 velut
1248 3659 1383 3724 fabulam

229 3773 402 3817 enarrans:
428 3751 574 3838 'nuptias
593 3759 701 3816 autem
719 3751 915 3837 corruptelas
941 3761 974 3818 et
999 3755 1225 3822 fornicationes
1242 3757 1384 3824 similiter

227 3859 265 3917 ut
286 3852 431 3917 Marcion
450 3862 483 3916 et
502 3852 692 3917 Saturninus
709 3851 835 3916 dicens:
865 3850 949 3918 Adae
964 3861 1072 3920 autem
1088 3856 1186 3922 saluti
1203 3880 1246 3922 ex
1263 3881 1298 3923 se
1316 3879 1383 3924 con·

228 3951 455 4018 tradictionem
473 3951 601 4017 faciens.

276 4089 286 4121 ¹
303 4089 473 4140 Hn’l‘onrrns
489 4088 610 4137 describes
627 4089 669 4137 the
687 4088 778 4137 Eucra·
830 4089 935 4148 δοξάζειν
950 4089 1088 4149 νομίζοντες,
1103 4089 1253 4151 ἀπεχόμενοι
1264 4093 1380 4156 ἐμψύχων,

225 4172 280 4222 titae
291 4187 318 4221 as
329 4169 496 4220 schismatical
503 4170 587 4218 rather
597 4171 660 4218 than
671 4185 699 4217 as
709 4170 777 4217 bere·
830 4171 1014 4232 ὑδροποτοῢντες
1031 4172 1071 4220 καὶ
1087 4174 1177 4232 γαμεῖν
1191 4177 1333 4236 κωλύοντες,
1348 4176 1382 4224 :al

224 4254 279 4303 tica.
319 4254 415 4315 Ἐτεροι
437 4254 463 4301 δὲ
483 4252 580 4301 ἑαυτοὺς
603 4253 780 4301 ἀποκαλοῦντες
828 4253 865 4313 τῷ
885 4254 964 4313 λοιτῷ
983 4253 1030 4316 βίῳ
1051 4255 1193 4317 καταξήρωι
1216 4259 1379 4319 προσέχοντα,

220 4335 391 4399 Ἐγκριιτίτιιε,
415 4335 448 4382 τὰ
466 4336 509 4392 μὲν
527 4335 582 4395 περὶ
600 4335 643 4381 τοῦ
660 4334 722 4382 θεοῦ
739 4334 779 4381 καὶ
827 4336 922 4393 μᾶλλον
939 4337 1025 4384 κυνικοί
1048 4335 1065 4394 ⁷l
1082 4336 1226 4398 Χριστιανοὶ
1250 4341 1379 4402 κρινόμενα,

224 4421 268 4466 τοῦ
290 4419 397 4480 Χριστοῦ
420 4417 503 4476 ὁμοίως
526 4417 566 4463 καί
587 4417 621 4477 τῇ
642 4415 778 4476 Ἐκκλησία
828 4416 965 4466 Pindum.
979 4433 1019 4468 ao.
1038 4418 1076 4468 Cf.
1091 4418 1276 4484 Snwmtms,
1290 4440 1315 4487 p.
1332 4423 1378 4488 198.

225 4498 378 4562 ὁμολογοῦσι·
392 4501 446 4562 περὶ
457 4501 483 4548 δὲ
495 4498 618 4547 πολιτείαν
627 4499 777 4559 τεφυσιωμέ·
876 4499 888 4531 ¹
904 4501 1075 4549 Hn’ronuuus
1090 4500 1188 4551 follows
1203 4503 1248 4553 the
1259 4520 1330 4554 saun
1340 4504 1380 4553 but

223 4595 259 4627 ναι
272 4582 470 4645 ἀναστρέφοντα,
483 4583 581 4632 ἑαυτοὺς
595 4583 634 4631 διὰ
644 4581 779 4645 βρωμάτων
827 4580 907 4630 varies
939 4581 983 4629 the
1010 4581 1098 4631 words.
1145 4583 1267 4636 Tertulla
1292 4587 1320 4637 δὲ
1343 4584 1379 4634 ael
