2954 4986
274 352 341 418 338
713 363 765 415 on
792 358 982 425 onmronn

106 547 162 633 epp.
164 546 260 631 ¹1¹j¹¹ff
254 523 337 609 jam
352 528 521 608 exponunt,
537 540 637 607 neque
658 538 821 582 nnmerum
840 514 978 578 omnium
992 510 1219 583 columnarum,
1235 527 1333 592 neque
1346 527 1413 568 sere

127 638 242 723 ΜΑξᾶὲῐ-
275 648 343 689 rum
358 646 475 700 earnm,
492 624 638 711 quoniam
661 643 724 686 non
745 619 956 684 communicat
976 619 1163 701 argumento
1186 631 1303 674 eorum.
1347 609 1415 690 Quid

275 738 381 792 autem
407 728 508 791 oleum
532 726 698 802 unctionis,
722 724 805 810 quod
828 742 921 785 omne
947 715 1184 782 tabernaculum
1209 712 1416 777 sanctificavitl

278 831 428 895 Fortasse
454 829 546 894 latuit
570 827 772 902 Sslvatorem,
794 832 850 890 aut
871 822 1044 886 dormiente
1068 820 1177 883 Matre
1197 839 1307 880 eorum
1327 814 1417 878 Demi·

275 956 371 1020 urgus
393 955 413 997 e
435 932 604 1017 semetipso
630 932 669 995 de
695 929 830 1015 pondere
856 925 1025 1012 praecepit:
1054 922 1138 986 unde
1164 928 1201 985 et
1230 919 1367 983 dissonat
1386 917 1419 980 ud

111 1061 238 1147 proaem
278 1037 423 1100 Pleroma
437 1057 555 1111 eorum,
572 1039 721 1119 ¹smyrnae
737 1031 861 1119 quidem
876 1030 995 1093 habens
1009 1026 1103 1092 siclos
1118 1024 1331 1110 quingentos:
1353 1021 1421 1084 ireos

142 1113 213 1158 Μ
279 1162 310 1217 ιι,
326 1137 492 1204 cinamomi
512 1160 580 1213 ccc,
603 1134 760 1201 calamisci
784 1156 851 1210 ccc,
872 1141 905 1198 et
926 1152 1019 1215 snper
1040 1129 1109 1192 hoec
1132 1127 1250 1202 oleum,
1273 1127 1319 1188 ita
1339 1132 1371 1187 ut
1389 1145 1423 1186 ex

113 1264 240 1304 noem.
277 1241 412 1330 quinque
427 1239 717 1306 'commistionibus
732 1236 893 1302 subsistat.
934 1233 1001 1297 Et'
993 1252 1155 1297 incensum
1170 1237 1281 1294 autern
1295 1226 1424 1291 similiter

111 1313 208 1362 ”m
209 1340 317 1409 de
338 1352 449 1420 stacte,
465 1353 498 1406 et
519 1341 646 1429 ungule,
661 1349 694 1405 et
714 1339 859 1426 galbano,
876 1345 910 1402 et
931 1336 1112 1423 hedyosmo‚
1135 1341 1169 1397 et
1192 1333 1299 1409 thure,
1314 1351 1379 1418 qua
1397 1329 1424 1392 in

277 1445 361 1510 nullo
376 1444 605 1512 communicare
619 1452 750 1533 possunt
764 1463 865 1532 neque
879 1436 1164 1515 commixtionibus,
1176 1456 1284 1524 neque
1292 1432 1424 1522 pondere,

277 1555 463 1637 argumento
477 1568 596 1614 eorum.

110 803 175 844 ond
184 803 243 841 xxvi.

702 1780 802 1846 OAP.
828 1775 1009 1843 XXXVI.

282 1922 469 2014 Quomodo
497 1919 615 1996 omnia
630 1946 803 1995 conteras
828 1930 992 1993 constare
1011 1925 1129 2013 potest
1153 1939 1199 1987 ee
1213 1911 1427 2012 Scnptucie

356 2053 388 2115 et
401 2053 509 2139 typus
526 2037 605 2113 dici
622 2037 739 2112 omnis
759 2033 969 2134 arpumeoti
978 2067 990 2110 .·
1013 2032 1059 2107 de
1076 2029 1216 2122 diebus,
1230 2046 1266 2107 et
1282 2031 1431 2125 toea

353 2150 992 2252 meoeibua,etooccbalis,etoyllabts;
1003 2151 1431 2251 deAmen,etooncpiuta

356 2301 482 2350 nocem
507 2273 640 2365 caedua,
667 2299 711 2348 esc
736 2273 866 2371 paclus
889 2299 967 2347 una
988 2274 1106 2372 periit
1133 2287 1166 2349 et
1192 2272 1347 2347 iteventa
1370 2282 1431 2352 est·

356 2405 388 2466 et
407 2391 583 2490 quonium
597 2416 670 2465 ooo
681 2389 798 2490 possit
817 2403 982 2467 constare
993 2418 1068 2491 per
1084 2416 1258 2466 numeros
1274 2388 1414 2464 veritos.

283 2564 312 2624 l.
361 2559 636 2622 Innnrrcunmun
652 2565 701 2622 est
714 2580 790 2644 ergo
805 2566 837 2621 et
852 2557 978 2622 omnino
992 2558 1195 2636 nrsticennm‚
1209 2558 1241 2620 in
1254 2556 1433 2621 sublimibus
1440 2563 1471 2603 Μ’

282 2660 407 2747 quidem
425 2669 457 2725 et
472 2658 713 2745 elegantioribus
725 2658 804 2745 legis
819 2681 881 2723 non
897 2669 1035 2725 servatos
1049 2682 1118 2725 esse
1133 2667 1245 2745 typos:
1270 2661 1304 2725 in
1319 2659 1433 2725 caeteris

281 2771 398 2839 autem,
414 2760 513 2825 sicubi
528 2759 640 2845 uliquis
654 2781 801 2824 numerus
815 2763 971 2825 concurrit
985 2785 1056 2827 cum
1076 2762 1125 2826 his
1149 2784 1221 2848 quae
1238 2763 1301 2848 ipsi
1321 2763 1432 2836 dicunt,

281 2873 375 2952 typus
389 2884 457 2929 esse
472 2883 649 2927 asseverare
668 2882 776 2925 eorum
798 2884 868 2948 qum
890 2873 964 2927 sunt
988 2865 1020 2927 in
1037 2865 1226 2942 Pleromate,
1242 2887 1318 2929 cum
1340 2863 1433 2929 omnis

282 2988 430 3033 numerus
444 2964 611 3029 multifarie
626 2963 657 3027 in
672 2964 832 3049 scripturis
847 2964 888 3028 sit
903 2965 1040 3051 positus:
1062 2967 1107 3030 ita
1122 2974 1158 3030 ut
1172 2967 1275 3052 possit
1289 2967 1343 3054 qni
1358 2966 1432 3042 velit,

282 3092 346 3136 non
360 3069 460 3135 solnm
480 3066 711 3134 octonationem
725 3074 758 3130 et
772 3066 920 3132 decadem
942 3077 974 3132 et
989 3068 1177 3147 duodeceda,
1198 3069 1256 3134 sed
1272 3069 1434 3156 quemlibet

283 3196 322 3239 ex
334 3171 494 3258 scripturis
502 3169 692 3236 constituere
706 3191 877 3246 numerum,
889 3179 921 3234 et
929 3170 1011 3236 hunc
1023 3180 1132 3258 typum
1141 3194 1210 3237 esse
1225 3170 1433 3238 ³commentati

283 3299 352 3343 ase
367 3298 491 3341 erroris.

350 3388 381 3448 2.
426 3382 508 3464 Quis
536 3390 642 3446 autem
670 3381 729 3445 hoc
754 3403 859 3446 verum
885 3391 944 3460 est,
969 3405 1116 3448 numerus
1142 3384 1202 3450 iste
1227 3386 1283 3471 qui
1306 3385 1434 3473 quinque

284 3487 407 3563 dicitur,
426 3486 459 3548 in
479 3484 564 3548 nullo
585 3483 817 3548 communicans
838 3494 1022 3570 argumento
1043 3509 1159 3565 eorum,
1175 3510 1234 3553 nee
1253 3508 1434 3555 concurrens

284 3589 435 3675 figmento
446 3607 563 3663 eornm,
574 3607 631 3650 nec
645 3586 831 3650 conveniens
845 3587 890 3651 eis
905 3588 944 3651 ed
959 3588 1093 3707 typicam
1109 3612 1217 3654 eorum
1233 3614 1306 3678 quae
1320 3591 1434 3657 suntin

120 3691 233 3778 {W-
242 3689 272 3734 ¹⁹
287 3690 465 3755 Pleromate
484 3689 790 3767 demonstrationem,
806 3712 846 3753 ex
867 3691 1028 3776 scripturis
1048 3693 1093 3757 sic
1115 3693 1266 3779 suscipiet
1286 3695 1435 3781 probatio

121 3781 221 3824 ΗΜ
230 3781 260 3828 ⁴¹
285 3814 366 3857 nem.
412 3792 505 3856 Soter
533 3813 647 3857 nomen
676 3791 811 3878 quinque
840 3790 1009 3871 literarum,
1035 3803 1068 3857 et
1090 3794 1188 3858 Pater
1213 3804 1321 3861 antem
1348 3797 1436 3861 habet

120 3925 170 4009 pm
120 3833 272 4016 iiffittglw
286 3895 420 3983 quinque
434 3893 560 3970 literas;
584 3895 640 3960 sed
654 3903 687 3959 et
702 3895 832 3980 ⁴Agnpe
850 3904 924 3959 sunt
946 3895 1044 3960 literae
1062 3897 1207 3983 quinque,
1229 3907 1263 3962 et
1287 3899 1437 3964 Dominus

120 4016 151 4056 ¹1
285 4006 392 4064 noster
405 4018 502 4084 panes
516 3997 651 4082 quinque
666 3997 908 4075 benedicens‚sa
908 3997 997 4063 tiavit
1007 3999 1167 4063 hominnm
1178 4001 1318 4089 quinque
1330 4002 1434 4067 millis:

335 4160 466 4223 ¹amyruoe
487 4159 530 4208 ac.
574 4157 626 4206 For
647 4158 716 4206 these
738 4159 838 4207 various
936 4159 947 4191 ⁸
975 4163 1017 4220 τῆς
1046 4166 1278 4225 πραγματευομένης
1307 4166 1338 4215 δι’
1368 4167 1438 4215 αὐτὰ

287 4244 412 4305 ἀρώματα,
426 4257 466 4290 ses
477 4239 650 4289 Fausaornr.
663 4239 689 4286 in
701 4238 803 4288 Ganos.
888 4244 988 4301 πλάνης.

335 4321 576 4372 ’commixtionibus
605 4319 709 4369 Instead
739 4321 767 4368 of
794 4320 838 4369 the
936 4323 1133 4373 ‘TheAnnnn
1146 4326 1196 4373 and
1213 4326 1306 4377 Maec.
1321 4342 1352 4379 11.
1367 4328 1435 4378 MS&

286 4411 347 4455 next
365 4404 440 4465 word,
460 4405 503 4453 the
522 4405 606 4454 writer
627 4404 655 4453 ol
674 4404 717 4452 the
735 4404 834 4454 Cusas.
887 4402 951 4450 have
963 4419 1054 4464 norrun,
1068 4405 1110 4452 the
1122 4405 1224 4454 Cossu.
1238 4423 1298 4457 nou.
1335 4409 1437 4472 Perhaps

286 4487 354 4545 Ma,
372 4486 454 4549 losing
470 4487 509 4534 his
526 4486 604 4551 place,
623 4486 754 4535 concludes
766 4487 838 4547 with,
888 4485 932 4532 tho
939 4484 1021 4534 Greek
1032 4486 1089 4545 bad,
1099 4488 1164 4535 ἀλλὰ
1177 4489 1217 4535 καὶ
1228 4490 1438 4553 τοῦνομαἊγαή

285 4581 359 4628 neque
367 4567 475 4628 poudm
486 4574 625 4630 urpumento
636 4581 724 4615 corum.
891 4565 1025 4625 γράμματά
1037 4567 1089 4614 ἐστι
1101 4568 1181 4614 πέντε.
