2954 4986
524 339 680 393 onrnrun
709 342 898 395 Pannona.
1213 330 1278 396 253

130 500 300 566 necessitas
328 507 379 566 est
409 510 442 567 et
468 525 488 567 a
515 503 669 568 lateribus
699 504 824 568 definiri
858 504 946 579 illud,
977 503 1025 568 vel
1052 502 1203 569 inchoans
1229 505 1281 570 vel
1300 522 1356 608 12an
1363 523 1442 610 iii⁹

132 600 292 665 'desinens
309 602 350 666 ad
368 601 430 666 alia
448 603 614 688 quoedam:
639 611 673 668 et
691 603 744 668 illa
758 627 876 680 rursus,
895 611 928 668 et
946 604 1009 669 alia
1032 625 1104 689 quae
1121 611 1197 668 sunt
1212 627 1279 668 sur·
1293 598 1443 657 malli&

128 722 198 763 sum
222 709 255 765 et
273 723 342 786 quae
360 702 517 778 deorsum,
536 704 577 767 ad
595 703 658 768 alia
677 704 823 789 quendam
845 704 1011 768 habebunt
1037 703 1139 782 initia,
1162 711 1195 768 et
1219 693 1443 769 hoc—

128 822 226 884 usque
244 801 276 863 in
301 801 470 876 infinitum,
488 809 526 867 ut
540 825 703 888 nunquam
726 812 792 869 stet
808 826 917 868 eorum
941 802 1136 890 excogitatio
1162 803 1195 866 in
1216 825 1280 868 uno

130 897 210 978 Deo,
228 902 285 964 sed
310 923 368 985 per
393 902 589 966 occasionem
613 901 682 987 plus
705 925 801 988 quam
824 911 873 969 est
899 902 1063 990 quarendi
1080 903 1113 967 in
1137 902 1169 966 id
1194 903 1280 989 quod

127 1019 190 1062 non
208 999 251 1064 sit
268 1000 406 1078 excidat,
425 1008 458 1065 et
476 1001 612 1067 absistat
624 1025 645 1067 a
661 1025 736 1067 vero
755 1002 836 1067 Deo.

201 1103 231 1164 3.
285 1099 439 1164 Similiter
449 1110 556 1166 autem
569 1102 638 1166 haec
656 1110 690 1167 et
701 1104 851 1167 adversus
864 1102 980 1188 eosqui
992 1111 1067 1166 sunt
1080 1123 1100 1166 a
1113 1101 1280 1169 Marcione

127 1205 240 1283 aptata
267 1208 353 1265 sunt,
405 1199 663 1266 Continebuntur
691 1203 775 1267 enim
801 1214 835 1266 et
862 1201 1133 1267 circumfinientur
1154 1209 1188 1267 et
1214 1203 1279 1267 dno

130 1295 190 1362 Dei
211 1300 280 1384 ejus
302 1301 343 1364 ab
369 1301 523 1365 immenso
546 1301 722 1379 intervallo,
740 1303 825 1388 quod
845 1309 975 1387 separat
996 1324 1050 1366 eos
1069 1303 1110 1366 ab
1134 1301 1276 1368 invicem.

128 1396 181 1462 Sic
208 1407 316 1464 autem
345 1401 388 1465 ad
415 1401 660 1488 excogitandum
684 1409 734 1467 est
756 1401 927 1467 necessitas
953 1402 1127 1466 secundum
1152 1423 1278 1466 omnem

125 1507 251 1581 partem
268 1500 385 1565 multos
404 1501 480 1565 deos
501 1499 654 1567 immensa
674 1501 875 1588 separatione
897 1501 1063 1577 distantes,
1080 1502 1121 1565 ab
1145 1501 1278 1567 invicem

126 1597 253 1681 quidem
268 1599 463 1679 inchoantes,
482 1600 673 1666 adinvicem
691 1609 799 1666 autem
816 1600 999 1665 ²linientes:
1023 1607 1056 1665 et
1079 1599 1133 1663 illa
1153 1601 1278 1665 ratione

126 1720 188 1782 qua
205 1698 353 1763 nituntur
369 1701 483 1765 docere
500 1722 596 1785 super
611 1702 837 1766 fabricatorem
855 1700 926 1764 coeli
949 1706 983 1764 et
1005 1708 1102 1764 terrae
1127 1722 1195 1764 esse
1220 1700 1278 1765 ali·

125 1799 210 1881 quod
228 1798 370 1884 pleroma
387 1808 444 1865 aut
463 1799 579 1878 Deum,
598 1803 711 1866 eadem
729 1800 854 1865 ratione
871 1809 965 1865 utens
983 1799 1115 1885 quisque
1130 1799 1278 1865 adstruet

125 1919 219 1982 super
236 1899 378 1983 pleroma
395 1900 531 1966 alterum
546 1922 614 1966 esso
631 1902 782 1986 pleroma,
799 1908 832 1965 et
850 1922 946 1985 super
961 1900 1038 1964 illud
1053 1921 1162 1963 rursus
1179 1899 1275 1977 aliud,

126 2006 159 2061 et
188 2020 284 2083 super
313 1998 455 2085 Bythum
489 1998 575 2064 aliud
605 2002 736 2087 pelagus
764 2000 835 2075 Dei,
866 2007 900 2064 et
932 2021 952 2064 a
985 1998 1139 2064 lateribus
1167 2008 1277 2065 autem

124 2096 270 2162 similiter
286 2100 399 2163 eadem
412 2121 492 2164 esse:
513 2107 546 2164 et
563 2101 653 2165 sicin
671 2101 858 2165 immensum
875 2099 1042 2164 excidente
1058 2099 1227 2173 sententia,
1243 2108 1277 2164 et

124 2219 249 2282 semper
273 2200 444 2264 necessitas
467 2199 530 2264 erit
556 2201 738 2287 excogitare
759 2200 862 2265 altera
886 2201 1075 2285 pleromata,
1102 2207 1135 2262 et
1159 2198 1277 2263 alteros

126 2297 255 2382 Bythos,
286 2306 320 2363 et
349 2321 511 2385 nunquam
537 2301 707 2385 aliquando
734 2300 915 2374 consistere,
944 2321 1069 2385 semper
1097 2306 1276 2383 quaerentes

26 2416 55 2454 u.
71 2397 201 2462 melios
223 2406 343 2483 praeter
362 2399 474 2464 dictos.
528 2399 603 2464 Erit
619 2409 726 2465 autem
742 2400 908 2474 incertum,
927 2412 1110 2464 utrumnam
1127 2398 1196 2463 haeo
1210 2397 1276 2463 sint

124 2498 280 2571 deorsum,
302 2521 373 2584 quae
390 2506 465 2564 sunt
481 2501 653 2565 secundum
671 2521 737 2574 nos,
757 2522 798 2564 an
821 2500 889 2565 haec
912 2499 981 2585 ipsa
1005 2497 1168 2583 superiora
1189 2497 1274 2575 sint3

123 2606 157 2661 et
174 2621 245 2684 quae
263 2599 413 2664 dicuntur
432 2601 473 2664 ab
493 2600 538 2665 eis
560 2622 693 2673 sursum,
713 2607 896 2665 utrumnam
918 2621 1043 2663 sursum
1063 2619 1105 2663 an
1127 2599 1276 2664 deorsum

122 2697 206 2763 sint:
225 2708 258 2762 et
276 2699 379 2763 nullus
392 2707 496 2765 status
512 2722 615 2785 neque
632 2700 768 2764 firmitas
781 2699 958 2766 continebit
973 2720 1100 2763 sensum
1117 2708 1273 2776 nostrum,

122 2798 178 2861 sed
211 2799 244 2861 in
272 2799 441 2864 immensos
474 2802 609 2865 mundos
643 2814 677 2864 ct
711 2799 975 2865 indeterminatos
1009 2799 1086 2863 deos
1121 2799 1275 2864 excedere

122 2899 292 2965 necessitas
310 2899 381 2964 erit.
398 2959 401 2963 .

194 3001 225 3062 4.
279 2998 325 3063 Et
350 3022 421 3065 cum
449 3001 518 3064 haec
541 3000 586 3064 sic
615 3022 649 3064 se
672 3000 823 3074 habeant,
849 2998 1065 3084 unusquisque
1092 2996 1181 3061 Deus
1209 2996 1275 3062 suis

122 3105 291 3164 contentus
317 3099 389 3175 erit,
406 3107 440 3165 et
465 3122 529 3164 non
555 3099 677 3166 curiose
703 3108 779 3187 aget
800 3100 840 3164 de
863 3098 994 3164 alienis:
1020 3097 1046 3160 si
1073 3119 1136 3180 quo
1159 3095 1273 3172 minua,

121 3197 258 3282 injustus
283 3199 345 3264 erit
370 3206 405 3264 et
432 3222 546 3265 avarus
572 3208 605 3265 et
634 3221 760 3265 cessans
787 3221 855 3263 esse
883 3197 967 3284 quod
1003 3195 1092 3260 Deus
1116 3204 1175 3260 est.
1228 3193 1275 3260 Et

121 3319 318 3384 unaquaeque
344 3299 505 3365 ³couditio
538 3322 630 3363 suum
659 3299 884 3364 fabricatorem
911 3295 1113 3384 glorificabit,
1143 3301 1177 3360 et
1205 3294 1275 3381 ipsc

120 3398 294 3463 ⁴sufficiens
311 3399 381 3477 erit,
396 3409 430 3464 et
443 3400 580 3464 altemm
597 3421 660 3464 uon
679 3407 862 3486 cognoscet:
879 3398 907 3463 si
922 3421 985 3484 quo
999 3396 1111 3473 minus,
1125 3401 1275 3481 apostata

117 3497 291 3581 justissime
308 3500 349 3564 ab
367 3499 512 3564 omnibus
528 3499 698 3585 ⁶judioata‚
718 3499 933 3586 dignissimam
956 3496 1113 3583 concipiet
1137 3517 1275 3582 poenam.

22 3611 47 3650 ⁰·
59 3612 100 3650 11⁶·
122 3597 262 3682 Oportet
279 3599 363 3664 enim
379 3606 548 3665 autunum
565 3621 633 3664 esse
649 3599 702 3686 qui
721 3600 828 3665 omnia
845 3598 997 3675 continet,
1017 3607 1050 3662 et
1067 3597 1099 3659 in
1117 3595 1182 3661 suis
1199 3595 1276 3662 lecit

121 3700 367 3784 unumquodque
385 3722 494 3764 eorum
510 3722 581 3786 quae
599 3701 685 3765 lacta
699 3708 785 3775 sunt,
797 3698 1064 3786 quemadmodum
1082 3695 1149 3781 ipse
1164 3695 1274 3775 voluit,

119 3811 177 3861 aut
194 3798 311 3863 multos
330 3822 438 3864 rursus
454 3809 487 3865 et
505 3798 769 3865 indeterminatos
786 3800 922 3863 factores
936 3802 969 3860 et
983 3796 1067 3869 deos,
1082 3796 1123 3860 ab
1141 3795 1275 3860 invicem

120 3897 248 3982 quidem
263 3898 461 3985 incipientes,
476 3899 518 3963 ad
528 3899 662 3964 invicem
676 3907 784 3964 autem
801 3897 982 3961 desinentes
994 3919 1052 3982 per
1065 3919 1190 3962 omnem
1202 3917 1275 3982 par·

119 4003 205 4066 tem:
229 4009 263 4064 et
280 3999 358 4064 alios
375 4021 484 4064 omnes
501 4021 521 4062 a
536 3999 612 4063 foris
629 4000 671 4064 ab
688 3999 790 4064 altero
808 3997 946 4082 quodam
968 3997 1090 4082 majore
1109 3995 1273 4075 contineri,

118 4220 226 4281 genuino
238 4219 347 4284 reading,
369 4221 412 4268 tho
426 4221 561 4270 translator
577 4221 671 4284 having
771 4217 782 4249 ⁴
799 4219 884 4277 inuade,
898 4201 961 4275 Ἥ).
997 4217 1068 4266 Ruth
1084 4218 1100 4265 i.
1115 4230 1153 4263 ao.

118 4300 177 4347 read
190 4302 258 4361 πᾶσῃ
269 4303 364 4363 ἀνάγκη
375 4304 427 4351 ἐστι
438 4304 467 4351 τὸ
478 4304 604 4364 ὁρίζεσθαι,
771 4298 782 4330 ⁵
799 4300 909 4363 Perhaps
928 4300 1075 4358 ἐλεγχθεῖσα
1096 4293 1168 4343 stood
1186 4293 1212 4339 in
1231 4291 1274 4340 the

168 4381 177 4412 ¹
196 4382 249 4440 Cn,
262 4383 309 4431 but
320 4383 428 4445 deficiens
439 4386 489 4433 Aa.
724 4380 806 4429 Greelr
816 4398 823 4440 ;
842 4381 864 4427 if
872 4396 907 4437 so,
922 4379 960 4426 for
972 4377 1087 4439 judicato
1099 4392 1135 4423 we
1145 4389 1204 4437 may
1215 4372 1274 4421 read

168 4461 180 4493 ¹
196 4463 240 4512 Cu.
252 4464 393 4525 amnena.
723 4461 841 4509 intimate.
886 4459 918 4506 In
937 4459 980 4506 the
997 4455 1094 4520 preface
1113 4470 1149 4502 wo
1168 4452 1218 4501 had
1234 4452 1273 4502 in·
1312 4514 1314 4520 Ι

168 4541 179 4574 ³
195 4544 308 4606 conditio,
321 4546 364 4594 i.e.
378 4546 461 4595 κτίσις.
723 4543 816 4592 dictam
827 4558 854 4590 as
865 4542 908 4589 the
919 4538 1063 4605 equiualeut
1071 4538 1110 4586 lor
1121 4538 1235 4596 [hemon.
