2954 4986
570 346 745 398 nmmrm.
1165 328 1229 393 207

10 530 53 605 pa
76 503 130 574 rol
151 501 321 580 δοκοῦντες
339 507 420 587 ἡμᾶς
438 500 564 581 πάντας
582 507 752 581 τοιούτους
775 500 943 603 ὗπᾶρχθῑνι
968 502 1228 601 &noc-:pepones
1241 515 1386 604 hildilid

76 615 137 693 Τὰς
166 614 263 692 ἀκοὰς
290 617 394 688 αὐτῶν
419 615 489 688 ἀπὸ
514 623 577 688 Τοῦ
601 625 659 700 Τῆς
684 617 836 699 ἀληθείας
861 617 1079 715 κηρύγματος,
1108 610 1191 720 [adj
1212 611 1394 696 ’immal'm'

18 614 50 651 ³2

1246 735 1387 743 -..—.-

76 724 150 833 rui]
170 729 359 818 βλέποντες
375 728 421 801 τὰ
439 731 562 800 ἐκείνων
580 725 731 808 ἅπαντας
751 733 831 813 ἡμᾶς
847 731 1125 828 βλασφημοῦσιν.

75 964 134 1006 nos
155 943 235 1007 tales
257 965 334 1017 esse,
352 950 501 1008 avertant
515 965 607 1008 aures
624 965 697 1007 suas
715 966 734 1007 a
751 943 909 1028 praeconio
926 941 1092 1007 veritatis:
1119 950 1176 1007 aut
1194 949 1229 1007 et

75 1041 220 1107 videntes
237 1066 309 1127 quae
326 1052 401 1107 sunt
419 1042 554 1116 illorum,
574 1065 682 1108 omnes
708 1065 766 1107 nos
782 1043 1013 1128 blasphement,
1031 1042 1063 1105 in
1079 1043 1166 1107 nullo
1183 1043 1229 1107 eis

77 1143 358 1216 communicantes,
376 1164 480 1227 neque
505 1143 537 1206 in
555 1143 711 1220 doctrina,
730 1165 832 1228 neque
850 1143 882 1206 in
907 1142 1057 1218 moribus,
1073 1164 1175 1229 neque
1194 1143 1227 1206 in

76 1243 262 1327 quotidiana
279 1242 526 1307 conversatione.
579 1241 642 1307 Sed
665 1244 763 1307 vitam
787 1243 915 1328 quidem
934 1243 1137 1317 luxuriosam,
1157 1265 1227 1307 son-

75 1342 213 1406 tentiam
238 1351 347 1407 autem
374 1341 505 1428 impiam
534 1341 590 1406 ¹ad
616 1343 758 1407 velamen
784 1343 913 1407 malitia)
936 1342 1077 1426 ipsorum
1100 1343 1228 1408 nomine

77 1443 264 1519 abutuntur,
293 1464 421 1528 quornm
443 1441 601 1527 jude'cium
619 1443 740 1527 juetam
764 1453 816 1519 cet,
847 1441 1068 1528 recipientium
1098 1443 1227 1528 dignam
1240 1458 1370 1501 uon-nie

77 1541 142 1605 suis
165 1541 315 1627 operibus
342 1565 362 1606 a
398 1541 470 1606 Deo
496 1541 750 1607 retributionem.
802 1543 846 1606 Et
876 1541 907 1605 in
942 1549 1071 1606 tantum
1105 1542 1228 1607 insania

76 1641 231 1705 effraenati
259 1651 344 1714 sunt,
369 1641 417 1706 uti
448 1650 482 1707 et
508 1635 618 1706 ¹omnia
648 1664 843 1728 quaecunque
875 1649 950 1706 sunt
984 1640 1160 1728 irreligiosa
1193 1650 1228 1708 et

76 1739 182 1825 impia,
206 1741 239 1804 in
260 1748 422 1826 potestate
443 1741 560 1806 habere
582 1743 633 1806 2et
656 1742 781 1828 operari
804 1764 838 1806 se
861 1741 979 1806 dicant.
1031 1740 1125 1806 ³Sola
1142 1741 1227 1807 enim

14 1870 56 1909 roc
76 1839 214 1905 bumana
239 1840 386 1926 opinione
413 1841 543 1926 negotia
573 1841 656 1906 mala
683 1853 717 1908 et
751 1844 835 1907 bona
862 1841 982 1906 dicunt.
1036 1839 1082 1906 Et
1115 1841 1226 1926 utique

75 1941 247 2005 secundum
264 1940 561 2028 transmigrationes
587 1941 620 2006 in
644 1964 778 2028 corpora
797 1943 964 2027 ⁴oportere
985 1941 1018 2005 in
1041 1941 1126 2005 omni
1147 1943 1224 2017 vita,

76 2040 158 2103 etin
174 2040 260 2104 omni
278 2047 351 2105 actu
370 2040 439 2105 lieri
457 2041 596 2106 animas:
627 2041 669 2122 (si
686 2064 749 2107 non
767 2064 991 2128 praeoccupans
1018 2041 1087 2128 quis
1106 2041 1138 2105 in
1161 2064 1225 2107 uno

76 2140 214 2204 adventu
227 2139 334 2205 omnia
350 2147 425 2228 agat
443 2140 593 2206 semelae
610 2141 740 2227 pariter,
755 2164 825 2227 quae
842 2163 907 2205 non
925 2150 1052 2207 tantum
1069 2142 1174 2206 dicere
1191 2150 1225 2208 et

75 2239 184 2303 audire
201 2261 264 2304 non
283 2248 333 2305 est
350 2241 398 2305 sas
415 2240 515 2317 nobis,
534 2242 589 2305 sed
608 2262 648 2306 ne
663 2241 790 2326 quidem
807 2242 840 2305 in
858 2242 974 2307 mentis
987 2242 1225 2327 conceptionem

74 2339 189 2416 venire,
214 2362 272 2404 neo
299 2341 437 2416 credere,
455 2340 481 2404 si
507 2341 593 2426 apud
618 2340 760 2406 homines
785 2351 1009 2406 conversantes
1034 2341 1066 2404 in
1087 2341 1224 2427 hisquae

75 2446 148 2504 sunt
169 2441 344 2504 secundum
369 2463 427 2505 nos
448 2440 605 2515 civitates,
624 2441 689 2504 tale
713 2441 832 2527 aliquid
850 2441 1020 2528 agitatur,)
1038 2441 1096 2519 uti,
1115 2463 1225 2505 secun-

75 2537 148 2602 dum
166 2539 250 2625 quod
267 2539 387 2626 scripta
403 2561 512 2604 corum
527 2539 663 2619 dicunt⁵,
682 2540 714 2604 in
732 2542 816 2606 omni
833 2564 891 2606 usu
909 2541 982 2607 vitae
999 2542 1093 2606 sactae
1111 2541 1225 2606 animae

121 2751 200 2802 ¹'l'he
218 2755 311 2802 textis
332 2753 475 2816 manifestly
492 2752 620 2812 defective,
673 2752 772 2802 DcAn.
788 2767 830 2816 35:
859 2754 1223 2818 Sedeonlr'bieolimclempay·

73 2834 121 2882 and
142 2835 252 2898 requires
273 2835 316 2883 the
338 2835 456 2882 insertion
478 2834 507 2882 os
529 2834 621 2882 labent.
673 2829 749 2878 choris
757 2831 821 2880 Ιιοιιο
826 2832 943 2895 fabulam
955 2833 1075 2894 instruxit,
1085 2834 1224 2883 indeclicm

74 2914 243 2964 H1rr0urruu
253 2932 310 2965 now
317 2916 373 2964 soils
384 2932 421 2976 us,
433 2916 482 2964 and
494 2932 531 2964 we
538 2916 623 2980 gladly
675 2911 830 2974 Carpocrates
840 2914 918 2961 ιιιιίιικ
925 2914 1021 2976 pariter
1028 2931 1120 2976 meque,
1128 2918 1224 2977 pariter

72 3003 156 3060 accept
165 2998 255 3047 theaid
264 2999 293 3046 of
302 2999 470 3046 Errrnumns
478 3014 620 3047 oncemore.
667 2992 824 3054 semicoctas
845 2994 886 3042 asi
908 2995 1001 3043 Heleno
1018 2996 1106 3043 vniam.
1142 2996 1223 3059 Many

74 3077 114 3126 urs
130 3080 261 3140 οὐδὲνγὰρ
281 3080 335 3137 ὴμῖν
352 3079 493 3137 ὀμοιοΰνται,
516 3078 532 3138 ἡ
553 3079 623 3137 μόνον
673 3074 702 3121 of
715 3075 758 3122 the
773 3074 890 3123 Gnostics
903 3075 1012 3124 believed
1029 3077 1222 3126 inaBrahmin·

73 3159 169 3217 ὀνόματι
183 3161 310 3209 καλεῖσθαι
325 3161 487 3219 σεμνύνονται,
505 3162 570 3209 ὅπως
584 3161 622 3207 διὰ
672 3156 720 3203 ical
730 3157 932 3219 transmigration
944 3157 973 3204 ol
987 3158 1061 3217 souls,
1075 3158 1124 3206 and
1141 3159 1197 3208 that
1207 3176 1223 3209 a

72 3242 114 3288 τοῦ
138 3242 253 3299 ὀνόματος
278 3242 321 3289 τοῦ
346 3241 499 3289 ἐπιπλάστων
525 3243 558 3289 τὰ
580 3242 622 3300 τῆς
673 3238 752 3286 man’s
768 3242 833 3286 stato
850 3238 879 3286 os
892 3239 1014 3287 existence
1030 3239 1070 3287 for
1083 3240 1125 3288 the
1139 3240 1223 3290 future

73 3324 162 3372 ἐαισῶν
179 3326 261 3374 κακίαι
279 3325 431 3386 ἐργάσονται,
467 3326 499 3373 'I'd
514 3327 540 3373 δὲ
552 3325 623 3386 κρίμα
672 3318 780 3383 depende
791 3336 858 3384 upon
875 3321 914 3369 his
930 3322 1037 3370 conduct
1053 3322 1150 3370 intime
1169 3339 1221 3387 pre·

72 3407 162 3452 rcr'rrccr
178 3406 242 3452 κατὰ
258 3406 287 3453 τὸ
301 3407 468 3468 γεγραμμένον
485 3406 573 3453 ἔνδικόν
584 3406 620 3454 ἐσ·
672 3401 783 3449 sentand
795 3405 858 3465 past.
884 3401 949 3466 Only
958 3403 1001 3450 the
1013 3402 1152 3452 Brahmln's
1158 3403 1222 3453 felth

72 3501 115 3544 τιν,
131 3481 619 3545 ὡιὸἅγιοςΠαῦλοςὸἈπὸστολοιέφη.
671 3483 741 3530 isan
758 3483 882 3533 incentive
903 3490 930 3533 to
952 3485 1041 3546 virtue,
1065 3485 1169 3534 because
1191 3487 1223 3535 he

72 3578 90 3616 1.
104 3582 126 3625 4.
672 3564 776 3614 believes
788 3566 931 3615 thatvirtue
942 3567 1005 3615 shall
1016 3567 1222 3632 berowardedby

120 3646 200 3696 ’The
216 3655 236 3696 et
254 3647 382 3696 discorded
396 3646 432 3709 by
442 3646 537 3694 Graan
552 3647 572 3695 is
586 3663 621 3695 re·
671 3645 888 3696 advancementto
903 3665 918 3696 a
930 3649 1095 3711 highercaste
1105 3666 1111 3708 ;
1128 3650 1220 3699 where·

72 3730 170 3791 stored;
185 3731 229 3779 the
240 3732 346 3780 Aaunn.
359 3732 416 3780 MS.
430 3731 505 3794 being
515 3731 557 3778 the
571 3730 621 3778 sole
671 3729 752 3777 astho
766 3729 870 3778 Gnostic
887 3729 974 3792 theory
985 3729 1034 3777 hed
1048 3746 1064 3777 a
1074 3745 1136 3794 very
1146 3746 1221 3794 oppo-

73 3813 129 3861 MS.
149 3812 277 3876 authority
295 3813 335 3861 sor
352 3813 384 3861 its
401 3812 525 3875 rejectinrn
568 3812 621 3860 'Ibe
671 3811 717 3859 site
728 3811 858 3874 tendency‚
871 3811 958 3859 acthis
967 3813 1219 3876 passagemayehow.

73 3895 171 3943 Cornu.
193 3894 238 3942 has
260 3893 363 3942 babeant
384 3901 411 3954 et,
427 3894 474 3942 but
495 3892 581 3941 habere
600 3893 621 3941 is
671 3889 793 3939 Tbedark
801 3892 903 3954 charges
915 3892 1023 3955 brought
1031 3894 1129 3956 against
1138 3893 1220 3942 Chris·

72 3978 128 4026 read
145 3978 170 4025 in
194 3977 237 4025 the
259 3977 367 4027 Anunn
391 3977 487 4040 though
506 3976 621 4025 Suruann
670 3975 736 4023 tiens
758 3974 792 4038 by
814 3974 856 4023 the
877 3975 984 4022 hcathen
1006 3991 1064 4039 may
1080 3976 1143 4024 have
1159 3977 1220 4025 been

71 4075 127 4123 says
143 4059 281 4118 otherwise,
300 4059 349 4107 and
370 4061 473 4108 δυνατῶς
495 4059 559 4119 ἔχειν
581 4061 621 4109 καὶ
670 4059 742 4106 made
764 4058 825 4106 with
847 4073 863 4105 a
884 4058 976 4106 sincere
998 4058 1073 4106 belief
1085 4058 1142 4106 that
1161 4060 1221 4123 they

71 4140 177 4200 ἐργάζευ
188 4139 208 4187 is
220 4155 236 4186 a
246 4143 406 4202 transparent
418 4142 442 4187 ἓν
453 4140 492 4187 διὰ
503 4141 573 4187 δυοῖν.
671 4157 733 4189 were
750 4145 812 4189 true.

117 4219 129 4253 ³
146 4222 268 4284 Compare
280 4237 303 4285 p.
315 4236 342 4269 ra
347 4236 368 4283 3,
379 4225 437 4269 note
446 4235 467 4281 a,
481 4220 548 4270 from
556 4221 620 4269 H1P-
720 4217 730 4250 ⁶
747 4217 842 4267 Genua
854 4217 957 4281 entirely
969 4217 1080 4281 destroys
1095 4218 1137 4266 the
1151 4233 1221 4266 sonae

71 4302 533 4368 scurrus,vr.19,andTnu01)0aar:
557 4303 620 4363 Δόξῃ
671 4300 699 4349 oi
712 4301 762 4350 this
776 4316 878 4364 passage
895 4301 929 4364 by
945 4298 1093 4362 concluding
1106 4315 1121 4345 a
1136 4297 1220 4361 period

58 4386 118 4447 ’γάρ
130 4392 210 4446 φησιν,
221 4386 263 4432 οὐκ
272 4384 380 4444 ἀληθείᾳ,
389 4386 421 4432 τὰ
432 4386 476 4442 μὲν
486 4386 534 4432 τῶν
543 4402 619 4447 τραγ·
671 4387 697 4430 at
714 4382 823 4441 habeant,
842 4381 891 4428 and
909 4379 1080 4440 commencing
1099 4379 1142 4425 the
1160 4382 1221 4426 next

71 4468 152 4525 adron
166 4467 231 4514 κακὰ
244 4467 303 4513 εἶναι
318 4467 389 4524 δοκεῖ,
403 4465 572 4527 τὰδὲὸγαθά,
671 4464 731 4511 with
743 4463 785 4511 Ad
795 4462 945 4526 operandum
957 4462 1000 4511 dcc.
1030 4459 1220 4520 Masuunrpar·

119 4548 129 4578 ⁴
146 4547 272 4612 Compare
280 4559 309 4598 11.
318 4547 371 4597 lvii.
392 4546 425 4597 So
436 4547 616 4608 Tunnuunrsrr,
670 4545 741 4609 tially
752 4544 808 4593 does
820 4545 862 4593 the
877 4559 944 4592 sauro
957 4543 989 4605 by
1002 4540 1117 4604 carrying
1131 4554 1164 4586 on
1177 4539 1220 4588 the
