2954 4986
566 343 614 396 nr
640 342 846 396 munimus.
1215 326 1283 393 283

129 497 212 582 quod
227 504 276 564 est
289 497 461 564 seeundum
476 519 535 564 nos
547 497 667 564 lumini.
712 498 765 564 Sic
779 505 886 563 autem
900 503 935 562 et
948 496 982 561 in
995 497 1123 583 reliquis
1136 498 1346 564 omnibusne·
1361 508 1390 593 {3-
1402 509 1444 548 ut

129 599 221 664 ¹nulli
243 599 354 664 similis
372 600 433 665 erit
454 599 593 665 omnium
616 600 714 666 Pater
735 598 898 664 hominnm
917 599 1097 685 pusillitati:
1121 606 1154 665 et
1168 599 1282 666 dieitur
1302 601 1437 687 ‘ffilg’ff‘

61 709 116 749 Ν·
128 701 255 788 quidem
276 702 447 767 seeundum
465 702 534 768 haeo
555 711 681 789 propter
699 702 906 783 dilectionem,
920 702 1055 768 sentitur
1067 710 1175 768 autem
1188 724 1282 790 super
1299 694 1444 780 ,jul-‘-

128 803 197 870 haec
210 804 381 871 seeundum
395 805 653 893 magnitudinem.

595 1060 695 1126 OAP.
720 1061 824 1127 XVI.

131 1231 317 1322 Quouiusm
335 1258 458 1308 seusus
482 1258 555 1308 uon
568 1230 745 1333 potuim
763 1232 879 1309 emitti
899 1233 990 1334 quia
1006 1231 1086 1334 epse
1102 1231 1284 1310 mittebat

420 1349 586 1449 reliqua:
614 1362 647 1425 et
664 1348 756 1450 quid
773 1364 823 1426 est
839 1348 992 1426 emissio,

196 1537 226 1608 1,
272 1533 309 1600 Sr
325 1535 421 1622 igitur
428 1542 461 1601 et
476 1535 508 1600 in
518 1533 697 1600 hominibus
708 1534 774 1621 ipae
786 1534 911 1621 quidem
921 1554 1032 1601 sensus
1042 1555 1106 1599 non
1117 1533 1282 1615 emittitur,

128 1657 230 1722 neque
243 1647 405 1724 separatur
417 1659 439 1704 a
451 1638 520 1705 vivo
538 1639 584 1703 ’is
598 1638 650 1724 qui
665 1638 781 1704 emittit
793 1636 921 1722 reliqua,
933 1634 1086 1701 motiones
1096 1644 1203 1702 autem
1216 1637 1285 1721 ejus

128 1747 162 1805 et
179 1739 311 1806 affectus
324 1741 507 1827 perveniunt
520 1739 561 1805 sd
575 1739 774 1805 manifestum
786 1765 796 1816 ;
816 1738 915 1804 muto
929 1738 1031 1826 magis
1044 1738 1106 1804 Dei
1127 1739 1181 1824 qui
1197 1747 1285 1805 totus

128 1863 240 1908 sensus
251 1851 310 1919 est,
321 1843 387 1930 ipso
399 1865 421 1908 a
434 1843 601 1929 semetipso
612 1864 808 1928 nequaquam
818 1841 1022 1930 separabitur,
1033 1863 1135 1927 neque
1145 1842 1233 1928 quasi
1242 1842 1284 1907 ab

128 1944 282 2009 alioaliud
291 1945 453 2012 emittitur.
477 1945 512 2010 Si
526 1945 610 2011 euim
624 1966 750 2011 sensum
765 1945 878 2023 emisit,
888 1945 955 2030 ipse
967 1944 1020 2030 qui
1031 1943 1134 2010 emisit
1146 1965 1283 2021 sonsum,

129 2048 301 2114 seeundum
312 2070 367 2114 eos
381 2048 573 2135 compositus
586 2056 620 2114 et
630 2047 796 2135 corporalis
810 2047 1000 2135 intelligitur,
1010 2056 1047 2113 ut
1060 2047 1102 2112 sit
1116 2046 1284 2131 separatim

64 2170 109 2215 ιιι.
130 2149 255 2235 quidem
270 2150 322 2235 qui
337 2149 451 2229 emieit,
465 2151 564 2226 Deus,
580 2151 747 2237 separatim
762 2158 868 2214 autem
883 2149 936 2234 qui
948 2150 1081 2214 emissus
1092 2158 1151 2227 est,
1163 2169 1283 2214 seusus.

131 2253 166 2317 Si
180 2263 286 2319 autem
301 2253 340 2319 de
353 2275 447 2320 sensu
458 2275 586 2321 sensum
600 2253 707 2319 dicant
721 2253 879 2331 emissum,
892 2251 1066 2338 praecidunt
1080 2273 1206 2318 sensum
1222 2250 1283 2316 Dei

129 2364 163 2422 et
176 2356 362 2442 partiuntur.
408 2357 479 2439 Quo
491 2365 610 2435 autem,
625 2364 658 2422 et
673 2355 755 2420 unde
769 2354 902 2420 emissus
919 2355 989 2419 est!
1033 2352 1126 2435 Quod
1145 2352 1229 2418 enim
1243 2353 1284 2417 ab

129 2458 234 2544 aliquo
248 2459 411 2538 emittitur,
427 2458 459 2523 in
473 2459 599 2545 aliquod
612 2458 791 2544 subjeetum
806 2457 970 2523 emittitur.
993 2456 1077 2538 Quid
1091 2464 1197 2521 autem
1211 2456 1285 2521 sub·

126 2562 254 2647 jacebat
267 2560 427 2647 antiquius
443 2583 537 2648 quam
555 2582 667 2627 sensus
682 2560 753 2640 Dei,
767 2560 800 2625 in
815 2559 898 2645 quod
911 2559 1059 2624 emissum
1074 2558 1182 2624 dieunt
1196 2559 1285 2624 euml

132 2665 276 2747 Quantus
290 2672 395 2730 autem
410 2673 443 2730 et
457 2673 525 2730 erst
536 2664 635 2744 loeus,
647 2671 684 2729 ut
697 2665 870 2752 susciperet
883 2671 916 2729 et
930 2671 1055 2751 caperet
1067 2662 1128 2728 Dei
1142 2662 1285 2728 sensum!

132 2766 167 2832 si
187 2776 304 2845 autem,
320 2767 581 2852 quemadmodum
595 2788 616 2832 a
629 2766 695 2833 sole
712 2767 833 2832 radium
848 2766 964 2845 dicant,
979 2766 1062 2831 sieut
1075 2765 1217 2851 subjaoet
1229 2770 1285 2829 adr

130 2870 184 2934 bie
195 2856 397 2956 ’susceptiom
406 2878 440 2936 et
453 2868 609 2956 antiquior
619 2869 679 2936 erit
689 2891 784 2955 quam
795 2869 861 2955 ipse
874 2869 990 2946 radius,
1001 2877 1034 2933 et
1046 2867 1107 2932 illie
1119 2867 1287 2932 ostendant

130 2973 295 3058 subjacens
308 2972 435 3057 aliquid,
450 2971 482 3036 in
497 2972 581 3057 quod
595 2973 727 3038 emissus
741 2980 791 3036 est
804 2993 915 3037 sensim
930 2971 1001 3049 Dei,
1017 2969 1156 3056 capabile
1170 2971 1239 3056 ejus
1252 2977 1287 3034 et

129 3075 299 3160 antiquius.
354 3075 435 3140 Post
456 3075 621 3162 oportebit,
644 3073 905 3160 quemadmodum
926 3072 1023 3136 solem
1045 3071 1196 3135 minorem
1217 3091 1287 3136 esse

130 3200 225 3265 quam
240 3179 345 3244 omnia
357 3179 508 3258 videmus,
524 3178 617 3266 longe
631 3200 651 3243 a
664 3177 834 3263 semetipso
848 3175 1045 3241 emittentem
1059 3173 1172 3250 radios,
1187 3172 1233 3237 sie
1253 3181 1287 3238 st

131 3282 338 3368 Propatorem
359 3281 462 3349 dieere
482 3292 574 3348 extra
593 3291 627 3348 et
648 3283 740 3369 longe
761 3301 782 3345 a
802 3278 970 3365 semetipso
992 3276 1131 3343 emisisse
1152 3275 1283 3343 radium

132 3386 290 3468 Quidnam
313 3395 419 3453 autem
444 3395 536 3454 extra
556 3395 613 3452 aut
633 3386 726 3474 longe
747 3382 857 3451 sentiri
878 3403 900 3448 a
920 3381 991 3447 Deo
1012 3385 1127 3468 potest,
1148 3377 1183 3444 in
1202 3378 1287 3466 quod

130 3489 252 3554 radium
266 3489 392 3556 emisit?

197 3597 226 3658 2.
272 3593 306 3658 Si
321 3601 427 3658 autem
441 3615 505 3660 non
518 3593 668 3660 emissum
681 3601 772 3659 extra
788 3593 917 3658 Patrem
938 3589 1024 3653 illum
1043 3587 1159 3665 dicant,
1174 3587 1230 3652 sed
1253 3587 1285 3651 in

131 3696 199 3782 ipso
215 3696 332 3772 Patre;
356 3696 455 3782 primo
471 3697 596 3782 quidem
610 3696 801 3783 superfluum
821 3694 881 3759 erit
899 3692 995 3758 etiam
1016 3689 1118 3754 dicere
1136 3687 1285 3754 emissum

132 3820 201 3864 esse
215 3821 308 3876 eum;
329 3800 591 3885 quemadmodum
605 3800 688 3866 enim
703 3799 837 3864 emissus
850 3804 909 3874 est,
924 3795 951 3861 si
967 3795 1050 3858 intra
1061 3793 1191 3859 Patrem
1201 3791 1285 3858 erat!

133 3900 271 3968 Emissio
287 3902 370 3968 enim
388 3910 437 3967 est
452 3902 531 3988 ejus,
549 3902 632 3987 quod
646 3901 811 3979 emittitur,
826 3907 918 3964 extra
931 3897 1127 3964 emittentem
1141 3895 1286 3960 manifes-

131 4007 221 4071 tatio.
266 4006 345 4072 Post
367 4006 479 4072 deindo
500 4006 560 4072 boo
581 4005 706 4084 emisso,
729 4013 763 4070 et
785 4003 812 4068 is
834 4002 887 4088 qui
909 4008 958 4067 est
978 4002 1020 4067 ab
1037 4022 1075 4066 eo
1099 3999 1205 4085 Logos
1226 3997 1287 4061 erit

132 4108 215 4174 intra
228 4109 377 4176 Patrem:
400 4108 543 4174 similiter
560 4117 667 4173 autem
680 4114 714 4174 et
728 4105 854 4193 reliquae
871 4105 951 4192 Logi
972 4103 1163 4170 emissiones.
1209 4098 1287 4162 Jam

181 4307 192 4340 ¹
208 4309 261 4358 'l'hs
278 4309 412 4358 trsmlator
427 4323 505 4358 soenu
516 4312 543 4358 to
554 4307 617 4357 have
627 4305 686 4357 read
735 4305 794 4370 only
805 4303 939 4370 preferable
956 4306 983 4351 to
994 4297 1146 4350 Missum's
1161 4301 1287 4357 moeptor,

133 4392 215 4450 atteri,
229 4391 267 4440 ior
279 4392 303 4440 lv
314 4391 397 4440 οὐδενί.
736 4386 900 4449 „following
909 4385 952 4434 tha
962 4383 1090 4446 authority
1099 4381 1127 4430 of
1135 4379 1177 4428 the
1184 4377 1286 4426 cmm.

183 4471 194 4503 ¹
210 4472 240 4531 te,
254 4473 271 4521 i.
281 4489 302 4522 e
315 4487 409 4532 murus,
423 4473 481 4522 rote,
736 4469 843 4518 Annum
867 4465 948 4514 Voss.
973 4464 1022 4512 and
1045 4462 1133 4511 Maso.
1156 4470 1184 4507 u.
1210 4455 1287 4505 MSS.

183 4553 357 4618 ³Suxepttor,
382 4553 500 4603 Gaanr's
527 4553 637 4618 reading,
665 4552 687 4603 is
738 4546 1059 4613 motoxetrmprobebly
1070 4545 1112 4593 tba
1123 4540 1235 4606 original
