2954 4986
276 340 343 405 242
759 353 804 406 ιιι
821 354 949 408 onnus

133 529 234 616 ,ffilffi
275 520 293 599 ἦ
320 514 388 615 γὰρ
417 515 526 615 σοφία
554 517 638 614 ὅπερ
675 514 762 612 εἶχεν
798 516 831 584 ἕν
867 516 986 598 αὐτοῖς,
1023 515 1214 613 ἀνήρπασεν
1250 510 1289 607 ἐξ
1318 513 1428 582 αὐτῶν.

110 621 346 707 ῦῖῐέὲέὛΚαὶ
373 628 434 701 τὸν
464 627 633 727 προδότην
667 626 701 698 δὲ
725 626 853 698 Ἰούδαν
881 629 981 711 μόνον
1010 629 1044 697 ἐκ
1074 625 1208 698 πάντων
1244 632 1312 698 τῶν
1348 627 1428 695 ἀπο-

113 715 408 814 list-motet
425 743 548 824 ταύτην
574 741 745 836 ἐσχηκέναι
765 740 825 822 τὴν
845 745 966 831 γνῶσιν
984 739 1082 839 φασὶ,
1102 741 1156 811 καὶ
1180 738 1232 809 διὰ
1259 744 1368 811 τοῦτο
1390 736 1429 807 τὸ

273 862 331 937 τῆς
351 852 534 953 προδοσίας
555 854 728 952 ἐνεργῆσαι
758 857 950 951 μυστήριον.
1004 854 1228 953 Προφέρουσι
1258 850 1312 920 δὲ1
1318 903 1414 921 .....

272 1088 358 1174 quod
383 1085 549 1173 proprium
573 1107 614 1151 ex
637 1108 676 1151 aa
701 1093 782 1161 erat,
809 1085 989 1172 abripiebat
1017 1085 1124 1151 exeis
1147 1085 1189 1149 ad
1212 1084 1429 1170 semetipsam.

272 1186 319 1252 Et
347 1187 416 1251 haec
441 1184 564 1251 Judam
591 1185 789 1272 proditorem
820 1186 1005 1272 'diligenter
1032 1185 1216 1272 cognovisse
1247 1184 1373 1260 dicunt,
1397 1194 1428 1249 et

270 1286 372 1351 solum
385 1308 452 1372 prae
466 1285 591 1351 caeteris
605 1293 850 1372 cognoscentem
862 1284 1040 1362 veritatem,
1057 1285 1226 1370 perfecisse
1237 1284 1427 1370 proditionis

270 1386 476 1471 mysterium:
501 1408 560 1471 per
583 1407 677 1471 quem
701 1392 735 1450 et
760 1393 890 1451 terrena
915 1391 949 1449 et
972 1385 1114 1451 coelestia
1137 1385 1246 1449 omnia
1273 1384 1428 1449 dissoluta

270 1485 391 1550 dicunt.
443 1483 490 1550 Et
512 1485 755 1550 confinctionem
775 1485 913 1551 afferunt
932 1483 1122 1569 hujusmodi,
1145 1484 1263 1550 ’Judae
1284 1485 1471 1571 Evange-en

269 1583 347 1649 lium
376 1584 454 1649 illud
477 1592 637 1650 vocantes.
688 1584 767 1649 Jam
794 1592 903 1650 autem
929 1593 964 1649 et
990 1584 1102 1670 collegi
1127 1605 1240 1650 eorum
1269 1585 1428 1669 couscrip

269 1683 383 1759 tiones,
408 1683 572 1770 inquibus
595 1683 766 1750 dissolvere
788 1705 887 1769 opera
910 1684 1061 1769 Hysteroe
1080 1685 1315 1761 adhortantur;
1342 1683 1427 1769 8Ηγ-

268 1793 390 1850 steram
416 1792 526 1849 autem
551 1783 778 1849 fabricatorem
808 1783 879 1848 coeli
905 1793 939 1850 et
968 1789 1064 1849 terrae
1093 1794 1224 1849 vocant:
1255 1807 1318 1849 nec
1347 1784 1426 1847 enim

268 1883 364 1949 aliter
379 1883 496 1949 salvari
516 1905 571 1949 eos
587 1883 648 1948 nisi
662 1906 721 1969 per
736 1883 844 1949 omnia
859 1891 945 1961 eant,
966 1883 1234 1968 quemadmodum
1252 1892 1288 1949 et
1307 1884 1424 1969 Carpo·

268 1991 373 2048 crates
396 1982 489 2048 dixit.
543 1983 589 2048 Et
607 1983 640 2046 in
656 2005 847 2069 unoquoque
870 1991 1075 2068 peccatorum
1097 1991 1131 2048 et
1148 1985 1296 2069 turpium
1318 2006 1425 2071 opera

266 2082 392 2148 tionum
416 2083 566 2170 angelum
595 2082 753 2158 assistere,
780 2091 815 2148 et
837 2090 1023 2168 operantem
1045 2083 1173 2148 ⁴audire
1198 2084 1370 2150 audaciam
1394 2091 1424 2148 et

266 2181 502 2248 immunditiam
518 2182 644 2259 inferre,
662 2182 713 2245 ⁴id
728 2183 813 2268 quod
830 2181 913 2247 inest
930 2181 959 2246 ei
972 2183 1160 2268 operationi,
1174 2184 1281 2270 angeli
1299 2185 1424 2249 nomine

266 2281 392 2348 dicere:
419 2283 466 2348 ⁵0
485 2291 519 2347 ta
538 2281 652 2368 angele,
669 2283 779 2347 abutor
795 2304 882 2370 opero
906 2291 978 2347 teo:
1008 2282 1091 2348 Ota
1115 2283 1174 2348 itta
1193 2292 1341 2370 poteetee,
1354 2300 1471 2371 psall

256 2383 334 2464 ficio
359 2391 446 2447 taam
471 2384 680 2469 οροναέὶοννενο.
731 2381 777 2446 Et
796 2381 857 2446 hoo
876 2403 944 2446 esse
963 2381 1130 2448 scientiam
1151 2384 1341 2468 perfectam,
1359 2384 1423 2448 siue

263 2480 423 2546 ‘tremore
445 2482 479 2547 in
500 2481 582 2548 tales
603 2479 693 2548 abire
714 2482 927 2568 operationes,
952 2503 1030 2568 quas
1050 2504 1090 2548 ne
1108 2482 1276 2548 nominare
1298 2484 1423 2570 quidem

264 2580 313 2646 fas
330 2589 391 2647 eat.

262 2775 305 2825 τάν
321 2777 347 2825 δέ
363 2775 440 2839 ’aaa
457 2777 484 2826 έκ
500 2778 543 2837 τῆς
562 2777 734 2840 ἀσθενεστέρας
749 2777 816 2826 turd-
918 2775 930 2810 ⁸
947 2778 1022 2828 Ὥστε
1042 2779 1082 2828 ral
1102 2779 1282 2842 σινταγμάτιάν
1303 2800 1328 2830 τι
1348 2783 1424 2844 φέρειν

262 2874 324 2918 μιαν
344 2859 521 2920 tamem...
556 2859 626 2924 'lhey
642 2860 748 2924 adopted
765 2861 817 2908 also
870 2861 896 2919 ἐξ
922 2861 1035 2920 ὀνόματος
1063 2863 1143 2921 αὐτοῦ,
1170 2864 1183 2910 ἀ
1211 2865 1357 2924 εὐαγγέλιον
1383 2865 1423 2912 ποθ

261 2940 305 2990 the
322 2946 463 2989 monstrous
481 2942 580 2989 notione
597 2942 707 3005 brought
723 2943 757 3006 by
773 2941 817 2990 the
869 2939 948 2988 Ἰούδα
975 2942 1082 2990 καλοῦσι.
1124 2941 1175 2990 Καὶ
1199 2944 1265 2991 ἀλλα
1290 2961 1344 2992 τινα
1367 2960 1421 3002 σιγ·

233 3070 236 3075 .
261 3021 331 3072 Jews
341 3023 406 3071 from
417 3023 539 3087 Babylon,
549 3023 673 3072 described
684 3023 710 3071 iu
722 3039 747 3087 p.
759 3036 814 3084 233,
867 3023 1001 3084 γράμματα
1018 3025 1130 3073 ὠσαίννως
1142 3025 1296 3073 πλάττονται
1309 3028 1372 3074 sart
1382 3028 1422 3084 νῆν

261 3121 286 3155 n.
298 3120 321 3168 3.
341 3106 434 3155 Ταθκαν
441 3108 467 3154 tl
475 3107 518 3155 τάν
528 3107 635 3165 ἀννάμειι
643 3108 675 3167 τῇ
684 3107 735 3166 Εὕα
744 3122 816 3168 προσ·
864 3105 987 3166 ’Τστέρακ
1005 3104 1035 3163 ἣν
1055 3106 1174 3167 ’Τστέραν
1193 3107 1236 3154 τάν
1258 3110 1362 3166 ποιητὴν
1382 3108 1422 3154 τοῦ

260 3188 394 3236 πλακείσας
421 3189 589 3248 γεγεννηκέναι
618 3188 660 3235 πάν
688 3188 751 3235 Κάϊν
776 3187 816 3235 καὶ
868 3187 957 3235 πάντον
979 3189 1065 3234 τούτου
1088 3188 1131 3234 τοῦ
1154 3188 1247 3245 πέπονι,
1273 3190 1373 3249 οὐρανοῦ
1395 3205 1421 3235 τε

259 3269 471 3331 τάν’Δβέλκ.τ.λ.
491 3268 814 3318 EPIPnsrffloenxxxvm.
868 3270 908 3317 xci
921 3271 966 3330 γῆς
982 3270 1090 3318 καλοῦσι.
1127 3270 1178 3317 Καὶ
1189 3271 1224 3328 μὴ
1236 3272 1352 3318 terassa
1362 3279 1420 3331 φασι

310 3349 439 3413 Ῑάκριβῶν
467 3351 634 3411 ἐπεγνωκέναι.
682 3350 813 3400 Effluet.
867 3353 1021 3410 σωθήσεσθαί
1041 3369 1102 3410 τινα,
1133 3352 1177 3399 έάν
1204 3353 1239 3410 μὴ
1266 3353 1308 3401 ἀιά
1330 3354 1420 3400 πέπον

260 3429 330 3480 Har.
343 3431 360 3480 l.
373 3447 393 3480 ο.
867 3435 1015 3496 χωρήσωσιν,
1034 3434 1065 3483 ὡς
1076 3435 1115 3481 καὶ
1127 3433 1140 3481 ἀ
1152 3434 1334 3496 Καρποκράτης
1347 3438 1417 3495 λέγει.

308 3508 655 3573 ’Προφέρονσιάέαθποΰκαά
663 3511 811 3574 εὐαγγέλιον,
867 3515 997 3564 Ermum.
1011 3516 1052 3566 ἀι.
1065 3516 1115 3564 vid.
1128 3532 1153 3579 p.
1161 3527 1218 3577 207.
1250 3518 1356 3579 Ὗσπέρα
1366 3532 1420 3579 rruy

259 3593 319 3654 ὅπερ
347 3595 430 3642 ἐκεῖνον
453 3595 625 3644 σνντεθεέπασι·
654 3596 739 3645 ἐκεῖνος
765 3599 814 3658 γὰρ
866 3596 1033 3646 beidentified
1043 3597 1104 3645 with
1122 3597 1165 3645 the
1182 3596 1298 3647 abortire
1315 3600 1382 3656 πάθη
1397 3597 1423 3644 ef

259 3669 328 3723 εθθδν
345 3676 390 3734 τὴν
409 3674 516 3736 ἀγχόνην
533 3676 609 3738 ἔλαβε
627 3676 670 3735 τῆν
686 3677 814 3737 προδοσίαν
865 3682 1015 3731 Achamoth.

257 3757 349 3815 μισθόν.
385 3757 437 3805 Kal
451 3759 484 3806 rt
495 3758 643 3820 ἀπειρημένα
658 3758 811 3820 πράπτοντεπ,
913 3763 993 3812 ⁴For
1009 3764 1097 3813 ααάἰιπ
1114 3764 1228 3813 ῙννοιιΙά
1246 3766 1308 3814 read
1324 3765 1416 3822 οιιάσκ,

259 3837 369 3898 ἀγγέλου
395 3839 458 3888 rods
485 3839 639 3899 έπιλέγονσιν
670 3840 751 3900 ὄνομα,
783 3840 813 3890 ι’νν
864 3843 921 3904 and,
944 3852 965 3893 et
982 3846 1053 3908 quod,
1078 3846 1118 3894 for
1138 3846 1168 3894 a'd
1190 3847 1263 3908 quod,
1284 3863 1308 3910 q.
1316 3847 1352 3907 d„
1371 3845 1419 3895 aad

258 3920 339 3981 έκεϋῳ
354 3922 424 3979 δῆθεν
439 3922 482 3979 τὴν
502 3922 633 3983 ἀσέλγειαν
652 3923 811 3983 χαριέάιιενοι·
863 3926 1419 3993 tbatwhiclthaactionimpomtdaeyaprm

258 4003 299 4052 sal
317 4003 391 4052 τοῦτο
413 4001 449 4063 έφ’
469 4003 572 4062 έκάοτηπ
592 4005 656 4054 ἰδέαν
675 4006 813 4054 ἀκολάσπον
863 4005 892 4054 ie
902 4006 940 4056 tlte
950 4007 1041 4069 απρείἰ
1051 4023 1129 4057 sume.

258 4083 372 4131 ποιοῦσιν.
407 4083 476 4131 mm
495 4085 545 4147 γάρ
560 4086 609 4134 ταῖς
623 4086 667 4143 πῆκ
681 4087 813 4136 ἀκολασίαι
907 4087 1136 4149 tenereturque,
1151 4093 1318 4152 καταχρῶμαέ
1335 4110 1377 4142 σου
1391 4089 1416 4139 κά

257 4164 343 4213 eecce
356 4164 493 4226 ἰσαρίθμους
509 4166 576 4215 τινάκ
594 4167 713 4226 ἀγγέλουν
728 4169 811 4229 λέγον·
863 4170 941 4232 ἔργον·
960 4171 975 4229 ἡ
992 4173 1057 4219 δεῖνα
1073 4173 1176 4232 έξονσέα,
1196 4175 1304 4236 πράτπω
1320 4192 1364 4225 σου
1379 4175 1418 4232 νὴ

256 4262 302 4306 σιν,
336 4246 360 4294 ct
392 4247 564 4308 θεραπεύονται
596 4248 646 4297 τοῖν
678 4249 808 4311 δρωμένας.
862 4253 955 4314 πρᾶξιν.
991 4251 1123 4301 Ertruan.
1136 4253 1153 4301 f.
1167 4270 1187 4303 c.

255 4324 356 4377 huson.
368 4327 404 4377 II.
417 4327 478 4378 Fet.
491 4339 510 4378 1.
524 4341 561 4389 ιη
910 4329 921 4360 ⁶
938 4333 1049 4394 crans,
1068 4334 1115 4382 but
1131 4334 1217 4385 timore
1233 4336 1299 4399 Aa,
1314 4338 1392 4387 Voss.
