2954 4986
468 354 681 408 sarnanum
707 354 864 409 vncons.
1170 337 1237 409 275

82 504 255 583 materiam,
279 514 313 571 et
334 505 428 594 longe
447 506 572 624 quidem
595 508 737 573 AEouem
760 510 801 573 ab
823 508 1056 594 Enthymesi
1028 528 1096 624 eJus
1113 528 1278 624 separa-⁰
1224 525 1362 568 uano:
1314 529 1401 615 „app

81 616 158 685 tam,
176 615 210 673 et
232 607 325 693 hujus
347 630 454 674 rursus
474 609 651 695 passionem
675 618 708 675 et
728 609 925 675 affectionem
944 609 1059 675 extra
1050 630 1151 694 ipsam
1170 609 1236 695 qui-
1248 573 1400 660 miiitu-

82 712 154 775 dem
177 713 246 798 ejus
267 733 337 778 esse
359 712 533 793 materiam,
555 721 589 780 et
610 712 790 780 incredibile
809 720 842 779 et
861 714 982 779 fatuum
1001 718 1033 777 et
1048 711 1238 799 impossibile
1256 743 1386 752 --

82 822 115 878 et
129 814 320 881 inconstans.

562 1015 663 1081 OAP.
686 1015 752 1080 Xl.

243 1168 556 1245 Contradictioncs
570 1169 628 1245 lus
644 1169 709 1270 qui
724 1182 805 1245 suat
823 1195 849 1244 a
873 1169 1072 1245 Valentino

149 1354 180 1416 1.
224 1350 276 1415 En
303 1373 365 1416 non
391 1351 554 1417 credentes
583 1352 708 1438 quidem
733 1352 880 1439 quoniam
908 1353 960 1418 hic
986 1352 1040 1440 qui
1066 1359 1116 1418 est
1145 1373 1240 1439 super

81 1453 187 1517 omnia
201 1453 298 1532 Deus,
311 1453 344 1516 in
358 1453 408 1519 his
422 1474 492 1540 quae
506 1461 580 1518 suut
601 1453 669 1539 ejus
689 1454 775 1519 varia
788 1462 822 1519 et
836 1455 997 1519 dissimilia
1016 1454 1125 1520 Verbo
1145 1453 1239 1519 fabri-

82 1556 164 1621 cavit
186 1557 445 1643 quemadmodum
468 1556 535 1642 ipse
556 1556 662 1636 voluit,
685 1578 757 1623 cum
779 1557 821 1622 sit
842 1557 981 1622 omnium
1002 1556 1179 1636 fabricator,
1201 1565 1239 1622 ut

82 1661 206 1746 sapiens
226 1659 417 1725 architectus
438 1666 471 1723 et
492 1657 649 1722 maximus
669 1680 745 1734 τοις
771 1659 953 1724 ¹credentes
973 1665 1078 1724 autem
1093 1659 1239 1744 quoniam

81 1762 195 1850 angeli,
218 1770 273 1827 aut
294 1762 392 1826 virtus
413 1760 518 1848 aliqua
538 1768 683 1847 separata
703 1783 724 1826 a
748 1761 819 1827 Deo
839 1769 872 1826 et
894 1761 1043 1848 ignorans
1067 1783 1139 1826 eum
1164 1763 1239 1829 fecit

82 1865 164 1928 hanc
185 1863 430 1941 universitatem,
446 1863 491 1928 sic
513 1862 609 1948 igitur
623 1863 746 1928 veritati
761 1884 823 1927 non
845 1863 1017 1941 credentes,
1030 1861 1063 1925 iu
1077 1863 1239 1929 mendacio

83 1977 189 2032 antem
202 1966 386 2042 volutantes,
407 1966 606 2051 perdiderunt
623 1987 736 2052 panem
757 1965 830 2030 vitae
847 1987 938 2044 verae,
950 1965 983 2028 in
998 1987 1129 2031 vacuum
1150 1973 1183 2030 et
1204 1966 1237 2030 in

83 2070 269 2157 profundum
290 2070 408 2133 umbrae
423 2068 612 2143 incidentes;
634 2069 753 2134 similes
776 2069 895 2154 AEsopi
910 2068 980 2134 cani
1000 2068 1029 2132 ei
1051 2069 1103 2154 qui
1125 2089 1238 2155 panem

83 2169 208 2256 quidem
229 2167 362 2254 reliquit,
385 2167 418 2230 in
440 2169 583 2233 umbram
605 2175 711 2233 autem
733 2169 801 2254 ejus
823 2169 973 2253 impetum
1002 2166 1087 2245 lecit,
1113 2175 1146 2231 et
1168 2187 1242 2253 per-1

84 2271 163 2335 didit
183 2291 299 2334 escam.
344 2268 389 2333 Et
404 2271 447 2333 ex
467 2269 544 2355 ipsis
565 2277 671 2335 autem
687 2269 816 2335 Domini
830 2269 932 2334 verbis
954 2268 1045 2334 facile
1065 2276 1114 2334 est
1134 2276 1239 2334 osten-

84 2373 166 2450 dere,
182 2369 360 2436 confitentis
373 2391 470 2434 unum
484 2371 612 2435 Patrem
626 2377 660 2435 et
674 2370 823 2435 factorem
838 2370 945 2434 mundi
967 2377 1000 2435 et
1019 2370 1238 2456 plasmatorem

84 2475 228 2552 hominis,
243 2474 296 2560 qui
309 2495 330 2539 a
343 2473 412 2560 lege
426 2481 459 2538 et
473 2473 633 2560 prophetis
652 2473 855 2538 annuntiatus
869 2473 921 2552 sit,
936 2481 969 2539 et
986 2473 1119 2539 alterum
1139 2473 1238 2539 nesci·

84 2577 175 2655 entis,
198 2584 232 2642 et
253 2577 337 2641 hunc
362 2597 432 2640 esse
451 2597 543 2661 super
565 2575 669 2640 omnia
693 2575 812 2640 Deum:
837 2575 979 2641 docentis
1000 2583 1116 2655 autem,
1136 2583 1169 2640 et
1183 2597 1240 2662 per

84 2702 119 2746 se
132 2701 203 2744 eam
217 2701 288 2766 quse
301 2687 350 2744 est
364 2679 405 2743 ad
421 2678 550 2743 Patrem
564 2678 690 2764 adoptio
702 2678 845 2756 filiorum,
862 2699 934 2765 quae
954 2686 1003 2743 est
1024 2685 1142 2743 erema
1162 2678 1237 2755 vita,

83 2784 227 2849 omnibus
240 2782 336 2868 justis
348 2781 559 2847 attribuentis.

150 2891 181 2952 2.
226 2886 289 2951 Sed
303 2886 449 2972 quoniam
471 2893 579 2950 amant
595 2885 749 2964 incusare,
769 2893 802 2952 et
816 2907 855 2951 ea
869 2907 940 2972 quae
954 2893 1027 2950 suut
1041 2885 1109 2951 aine
1123 2887 1239 2951 calum·

84 2989 146 3066 nia,
161 2997 197 3052 ut
210 2987 392 3053 calumniosi
412 2987 605 3066 concutiunt,
617 2987 845 3052 multitudinem
862 2987 1076 3072 parabolarum
1091 2995 1124 3052 et
1139 3010 1240 3073 quaes·

83 3092 204 3156 tionum
218 3089 385 3155 inferentes
399 3089 499 3167 nobis,
523 3091 603 3155 bene
624 3090 692 3155 haec
714 3089 856 3155 arbitrati
871 3110 979 3152 sumus
994 3088 1094 3172 primo
1108 3088 1239 3153 interro·

83 3215 158 3281 gare
169 3214 255 3257 eosc
271 3192 426 3257 contrario
440 3193 479 3258 de
493 3193 559 3257 suis
573 3193 781 3280 dogmatibus,
797 3200 830 3257 et
844 3192 926 3278 quod
938 3213 1001 3255 non
1016 3199 1065 3255 est
1076 3191 1239 3257 verisimile

84 3297 221 3382 ipsorum
235 3295 408 3373 ostendere,
424 3303 457 3360 et
471 3296 680 3361 temeritatem
694 3296 832 3383 ipsorum
853 3295 1014 3360 excidere:
1038 3303 1112 3380 post
1126 3293 1239 3360 deiude

86 3397 215 3463 Domini
240 3419 397 3462 sermones
416 3398 538 3477 inferre,
561 3407 597 3463 ut
618 3420 682 3463 non
703 3398 768 3462 sint
791 3405 915 3463 tantum
938 3397 979 3462 ad
1005 3396 1238 3483 proponendum

86 3509 246 3574 vacantem
269 3501 325 3565 sed
339 3510 465 3586 propter
485 3501 546 3566 hoc
564 3501 648 3586 quod
669 3500 873 3587 nonpossint
895 3501 936 3565 ad
957 3522 996 3566 ea
1017 3522 1087 3586 quae
1108 3500 1239 3566 interro·

86 3611 200 3690 gantur
214 3605 333 3668 ratione
351 3604 547 3690 respondere,
569 3603 750 3668 dissolutam
772 3625 862 3668 suam
882 3603 1022 3670 videntes
1041 3612 1240 3690 argumenta·

86 3706 212 3784 tionem,
233 3713 289 3771 aut
309 3714 499 3772 revertentes
518 3706 559 3770 ad
573 3706 746 3784 veritatem,
768 3713 801 3771 et
822 3705 1008 3792 semetipsos
1029 3706 1238 3786 humiliantes,

86 3817 119 3873 et
142 3816 300 3874 cessantes
323 3829 343 3872 a
364 3808 531 3872 multifaria
553 3830 612 3873 sua
634 3807 809 3894 phantasia,
828 3808 987 3894 placantes
1007 3808 1112 3872 Deum
1133 3809 1173 3874 de
1190 3810 1240 3875 his

86 3933 156 3998 quae
177 3911 324 3976 adversus
340 3933 414 3976 eum
426 3910 727 3997 blasphemaverint,
749 3909 921 3974 salventur:
944 3918 1000 3976 aut
1021 3910 1049 3976 si
1063 3932 1240 3997 persevera-

86 4014 149 4078 rint
170 4014 204 4079 in
224 4035 262 4079 ea
283 4034 353 4101 quae
368 4013 593 4100 praeoccupavit
607 4012 745 4077 animum
765 4012 902 4099 ipsorum
916 4035 995 4079 vana
1015 4013 1124 4103 gloria,
1147 4035 1240 4102 argu·

86 4116 308 4182 mentationem
329 4137 418 4181 suam
440 4116 634 4182 'immutent

135 4309 229 4359 ¹'1'hat
249 4311 292 4360 the
315 4309 392 4358 world
413 4325 464 4358 was
485 4308 582 4358 creaud
604 4310 638 4373 by
688 4323 706 4358 c.
713 4325 737 4372 9.
753 4309 839 4358 Suros
848 4309 955 4370 Μιιιιι,
967 4326 991 4373 p.
1003 4309 1239 4373 193;Mmmnm‚

88 4391 173 4456 angela
188 4392 339 4455 (κοσμοποιοὶ
356 4389 469 4454 mehor)
487 4406 515 4439 ιι
532 4391 576 4439 tha
592 4390 637 4439 inr-
688 4391 1238 4458 p.195;Saruaa1uus,p.196;an1n1nas,

88 4473 194 4522 mediata
211 4477 300 4536 agenta
321 4472 350 4521 ol
367 4473 411 4521 tha
427 4472 537 4532 Creator,
556 4487 607 4521 was
623 4487 640 4520 a
688 4490 713 4538 p.
726 4488 779 4538 199,
792 4474 1063 4534 commemorasse,
1076 4490 1101 4538 p.
1115 4487 1170 4534 ιιι,
1184 4472 1240 4524 ιοό.

89 4555 211 4603 favourite
237 4553 392 4618 assumption
422 4554 450 4601 of
477 4552 636 4603 Gnostieism.
734 4553 813 4602 ’Aa
827 4554 943 4603 tractent.
