2954 4986
428 349 607 409 sanaem
632 352 918 408 cansamsrrcn.
1183 337 1249 410 237

96 503 182 570 niam
208 528 281 573 eum
307 530 371 574 nou
397 511 555 592 colebant,
583 536 686 601 neque
711 515 975 592 honorificabant,
1007 514 1096 602 quasi
1115 515 1248 582 Patrem
1284 529 1385 616 ¹331&

96 613 130 670 et
166 605 271 673 Deum
296 609 446 676 diluvium
481 613 526 678 eis
556 613 729 693 immisisse,
757 621 795 681 ut
824 637 933 680 omues
962 614 1055 681 simul
1088 617 1246 701 perderet.
1261 623 1413 710 ⁰¹}4ffif'·

97 704 220 773 Contra
235 716 344 775 stante
360 724 468 776 autem
490 719 524 779 et
546 713 597 778 hie
616 714 747 800 Sophia,
765 715 903 780 salvatos
926 738 980 780 eos
1000 737 1068 781 esse
1088 715 1140 802 qui
1165 716 1250 782 circa
1290 727 1343 757 ²¹¹·
1351 719 1381 758 ¹⁰·

97 804 167 870 Noe?
193 816 287 875 erant
304 809 336 875 in
353 832 438 890 arca,
459 827 592 899 propter
613 814 884 880 humectationem
908 814 990 879 illius
1010 815 1137 880 luminis
1163 817 1249 903 quod

95 907 137 971 ab
155 929 193 973 ea
208 917 289 983 erat,
308 933 366 994 per
383 934 477 997 quam
496 913 612 978 itemm
628 915 836 1000 adimpletum
853 937 920 979 esse
936 915 1090 980 mundum
1115 915 1248 981 homini-

94 1005 171 1070 bus:
190 1029 230 1072 ex
247 1009 360 1094 quibus
378 1013 536 1097 quendam
550 1012 718 1079 Abraham
735 1014 865 1101 elegisse
882 1021 916 1080 et
929 1014 1031 1101 ipsum
1045 1014 1246 1097 Ialdabaoth,

95 1113 129 1170 θι
146 1114 375 1175 testamentum
394 1112 534 1197 posuisse
555 1114 596 1177 ad
621 1136 703 1188 eum,
721 1114 747 1179 si
774 1113 1022 1200 perseveraverit
1046 1136 1154 1180 semen
1179 1117 1248 1202 ejus

94 1206 233 1272 serviem
262 1209 301 1284 ei,
329 1210 405 1275 dare
432 1211 462 1276 ei
491 1211 714 1279 haereditatem
743 1221 850 1280 terrae.
904 1214 985 1280 Post
1016 1236 1075 1300 per
1111 1214 1247 1302 Moysen

95 1306 241 1372 eduxisse
268 1331 309 1374 ex
336 1311 482 1396 AEgypto
504 1334 559 1378 eos
585 1312 638 1398 qui
666 1315 708 1380 ab
736 1313 898 1380 Abraham
921 1323 1036 1390 essent,
1062 1321 1096 1380 θι
1122 1315 1247 1382 dedisse

94 1406 140 1470 eis
165 1407 277 1496 legem,
302 1416 336 1476 et
361 1410 472 1476 secisse
498 1434 552 1477 eos
577 1412 601 1479 J
604 1414 721 1490 udaeos,
746 1413 801 1479 ¹ex
830 1414 944 1500 quibus
967 1413 1097 1502 elegisse
1122 1423 1246 1501 septem

93 1506 172 1582 dies,
197 1531 275 1594 quos
301 1517 334 1577 θι
359 1520 503 1578 θθιιθιιιοι
525 1512 758 1580 hebdomadam
784 1521 908 1579 vocant.
961 1513 1007 1579 Et
1032 1514 1246 1602 unusquisque

93 1628 203 1672 eorum
237 1632 328 1676 suum
362 1634 540 1698 praeconem
579 1614 712 1680 assumit
745 1615 786 1680 ad
820 1613 1030 1701 gloriandum,
1065 1622 1099 1679 et
1140 1614 1246 1680 Deum

93 1709 360 1787 annunciandum,
378 1712 426 1778 uti
449 1719 483 1778 ct
507 1712 620 1799 reliqui
637 1714 803 1780 audientes
818 1713 945 1801 glorias,
960 1713 1117 1778 servirent
1135 1715 1246 1800 stipsi

93 1807 142 1872 his
168 1810 222 1894 qui
250 1833 270 1875 a
297 1812 461 1898 prophetis
488 1813 723 1880 annunciantur
749 1814 802 1878 dii.
856 1812 909 1879 Sic
937 1821 1046 1878 autem
1072 1814 1246 1900 prophetas

93 1908 309 1977 distribuunt:
333 1912 427 1999 hujus
447 1912 576 1999 quidem
592 1911 784 1980 Ialdabaotb
804 1913 939 2000 Moysen
957 1913 1062 1990 luisse,
1080 1923 1114 1978 θι
1131 1912 1156 1978 J
1157 1937 1244 1979 esum

93 2007 192 2085 Nave,
206 2018 239 2075 et
253 2012 364 2087 Amos,
381 2021 415 2079 et
433 2015 573 2078 Abacuc:
592 2013 673 2078 illius
689 2023 797 2080 autem
815 2012 884 2095 Iao,
904 2013 1041 2086 Samuel,
1055 2020 1088 2078 ct
1102 2013 1244 2089 Nathan,

91 2116 126 2175 ct
143 2107 167 2171 J
169 2131 272 2186 onam,
291 2120 324 2177 et
344 2113 534 2181 Michaeam:
555 2113 638 2179 illius
653 2121 761 2179 autem
779 2113 931 2189 Sabaoth,
950 2112 1088 2188 Heliam,
1106 2120 1141 2179 et
1157 2114 1181 2180 J
1183 2115 1243 2189 oel,

91 2219 125 2275 et
154 2210 361 2279 Zachariamt
391 2213 473 2279 illius
500 2220 609 2280 antem
635 2213 775 2288 Adonai,
804 2213 943 2288 Esaiam,
969 2220 1003 2280 et
1029 2214 1183 2291 Ezechiel,
1210 2221 1245 2283 et

91 2309 278 2386 Jeremiam,
303 2322 336 2379 et
354 2312 489 2380 Daniel:
515 2314 597 2379 illius
617 2321 727 2380 autem
749 2313 831 2387 Elei,
851 2313 994 2389 Tobiam,
1010 2321 1045 2380 et
1068 2313 1241 2400 Aggaeum:

91 2408 173 2475 illius
189 2422 298 2478 antem
315 2414 400 2488 Orsi,
421 2415 601 2492 Michaeam,
614 2422 648 2480 et
666 2414 818 2480 Nahum:
836 2413 920 2480 illius
936 2421 1046 2480 autem
1062 2414 1243 2493 'Astanlei

92 2509 263 2584 Hesdram,
281 2521 315 2580 et
333 2514 536 2600 Sophouiam.

163 2613 193 2677 6.
247 2614 372 2678 Horum
388 2614 487 2701 igitur
504 2614 734 2701 ⁸unusquisque
753 2613 933 2702 glorificans
952 2637 1044 2681 suum
1066 2621 1192 2702 patrem
1209 2623 1243 2685 οι

91 2712 207 2789 Deum,
227 2712 380 2803 Sophiam
397 2722 431 2781 et
448 2715 550 2802 ipsam
566 2738 624 2802 per
641 2737 695 2780 eos
709 2715 812 2782 multa
828 2715 969 2782 locutam
985 2737 1053 2782 esse
1073 2716 1114 2781 de
1132 2715 1243 2784 Primo

137 2919 147 2952 ¹
164 2921 243 2970 lbere
260 2922 281 2972 is
298 2938 367 2972 some
388 2922 510 2989 difficulty
527 2924 554 2974 iu
570 2923 641 2973 these
688 2923 822 2986 suggested
838 2923 873 2988 by
894 2938 963 2971 some
985 2922 1046 2971 such
1058 2922 1139 2972 worda
1154 2937 1182 2970 as
1195 2921 1241 2970 fol·

87 3002 236 3063 words‚and
248 3004 349 3066 Gnana,
358 3005 641 3070 contrarytohisuanal
688 3004 744 3054 low.
781 3005 826 3067 'aa
843 3003 875 3053 ὧν
893 3003 994 3068 (χροιθιν
1015 3002 1077 3066 soil.)
1097 3004 1242 3062 ἐκλέξασθαι

87 3090 192 3144 custom,
206 3086 296 3135 waives
308 3086 335 3135 it.
365 3086 503 3147 Mesenae,
517 3086 638 3136 consider·
688 3087 732 3135 τάς
746 3086 810 3134 ἐστι
824 3083 921 3146 ἡμέραι,
938 3085 968 3135 dt
979 3085 1019 3133 και
1034 3085 1080 3143 τὴν
1096 3083 1170 3145 ἅγιαι
1182 3085 1240 3146 Ἐβ·

87 3165 131 3228 ing
153 3165 210 3214 that
228 3165 328 3216 Judaos
344 3165 366 3214 is
383 3165 426 3214 the
443 3165 591 3215 antecedent
612 3169 639 3213 to
688 3167 780 3225 δομάδα
797 3166 906 3215 καλοῦσι.
943 3165 993 3213 Kal
1005 3165 1038 3213 ιῑι
1050 3165 1150 3213 ἔκαστοι
1163 3165 1242 3212 αὐτῶν

86 3248 168 3296 which
184 3263 212 3296 ιιι
227 3248 313 3311 gesbaa
328 3248 411 3308 resera
425 3252 491 3297 casta
507 3248 585 3297 about
600 3247 640 3296 for
687 3249 729 3297 τὸν
751 3248 842 3310 κήρυκα
864 3247 937 3296 αὑτοῦ
959 3247 1142 3309 προσλαμβάνει
1161 3248 1193 3295 ιιι
1212 3246 1241 3295 τὸ

86 3345 154 3379 acme
169 3330 253 3380 Greek
270 3330 413 3394 equivalent
429 3331 469 3380 lor
484 3331 537 3380 dies
552 3331 638 3397 apply·
688 3330 827 3390 δοξάζεσθαι
843 3329 884 3380 και
900 3328 1105 3390 ἀπαγγέλλεσθαι
1115 3328 1158 3377 τὸν
1171 3329 1239 3390 θεὸν,

85 3413 129 3477 ing
142 3414 249 3462 tothese
262 3414 392 3478 planetary
404 3413 492 3474 AEons,
509 3415 566 3463 that
579 3431 638 3480 may
687 3410 726 3459 lvo
747 3411 788 3459 και
810 3411 887 3473 ἕτεροι
907 3411 956 3458 τῶν
978 3409 1081 3458 ἐπαίνων
1108 3411 1240 3472 nonne,

85 3495 160 3543 maist
173 3499 201 3543 ιο
216 3495 282 3543 clear
294 3495 425 3545 thesemo.
460 3495 502 3544 He
513 3496 638 3546 considam
687 3495 755 3542 αθιοι
771 3495 918 3543 θουλιθσωσι
935 3495 985 3543 τοῖς
1001 3495 1041 3542 na
1051 3495 1100 3542 τῶν
1111 3496 1243 3557 προφητῶν

84 3578 142 3626 that
157 3578 223 3639 φάεα
238 3578 260 3627 ia
274 3578 337 3627 such
349 3595 366 3627 a
376 3578 453 3638 word,
466 3579 510 3627 tha
520 3579 638 3643 meaning
687 3576 881 3637 άσιγγρελμθνσιι
893 3576 963 3625 θεοῖς.
982 3574 1052 3624 Each
1060 3575 1148 3625 deified
1159 3575 1245 3641 dayes

84 3660 167 3723 being,
185 3660 242 3709 that
258 3659 409 3710 Ialdabaoth
424 3660 497 3709 made
511 3661 555 3709 the
568 3660 638 3709 Jews
685 3656 729 3705 the
740 3657 809 3706 week
823 3655 873 3704 had
884 3656 922 3705 his
938 3656 1097 3720 ministering
1111 3657 1239 3721 propheta.

83 3741 121 3790 hia
138 3741 248 3805 peculias
263 3741 358 3805 people,
371 3741 422 3791 aad
435 3742 493 3791 that
506 3742 637 3790 theseven
686 3737 724 3787 cf.
748 3738 792 3786 the
818 3737 911 3801 coquel,
936 3737 1035 3786 ΠΜ
1060 3736 1139 3799 ἶθῖθθι·
1165 3753 1240 3789 W·

83 3823 164 3872 AEous
180 3823 254 3872 chose
270 3823 330 3872 each
348 3839 363 3871 a
380 3823 487 3888 prophet
503 3827 531 3872 to
547 3823 637 3887 glorify
685 3818 783 3882 ριιίιριιι
792 3818 1238 3880 ρὶοσῡιοαιιιιααιιιΡαισιιιισιΒιαοι.

82 3905 188 3955 himself.
223 3904 277 3954 But
289 3905 311 3954 it
326 3905 348 3954 is
364 3905 470 3954 difficult
485 3910 513 3954 ιο
529 3905 637 3967 imagine
733 3898 814 3948 ''lhe
825 3899 926 3948 Onu.
939 3898 999 3950 Me.
1012 3900 1056 3949 has
1067 3900 1165 3964 Διισιιρθ
1178 3902 1226 3953 dei.

82 3987 139 4035 that
160 3987 205 4035 the
226 3987 362 4036 translator
385 3986 480 4050 having
502 3986 547 4036 the
568 3985 636 4035 word
734 3979 745 4013 ⁸
764 3980 927 4045 nappaeae
935 3981 1095 4059 ρὶοιῄθθααιρ
1104 3984 1147 4032 the
1158 3999 1202 4032 uae
1213 3983 1242 4035 ot

82 4069 157 4129 φάεα,
177 4083 206 4116 or
224 4083 275 4132 any
292 4067 363 4117 other
384 4069 446 4117 such
463 4067 533 4117 word
554 4068 579 4116 in
597 4068 636 4117 his
684 4063 728 4112 the
754 4062 883 4127 participle
904 4063 1012 4113 without
1037 4080 1054 4112 a
1073 4065 1144 4114 finite
1169 4066 1240 4126 verb,

82 4155 144 4209 text,
164 4149 254 4198 should
270 4150 334 4198 have
350 4149 468 4199 rendered
485 4151 507 4199 it
526 4151 559 4214 by
574 4148 633 4211 dieu,
683 4144 781 4211 though
791 4160 847 4193 rare
861 4145 887 4193 in
902 4145 1014 4194 chmical
1029 4146 1132 4205 wdters,
1152 4146 1174 4195 ia
1193 4151 1239 4196 not

81 4231 187 4295 thereby
208 4230 379 4296 coniounding
403 4247 419 4280 a
440 4248 502 4296 very
522 4231 636 4296 palpable
684 4225 776 4290 wholly
787 4226 922 4287 unknown,
936 4242 985 4289 aa·
999 4229 1054 4276 οθτι
1066 4229 1238 4290 γὰρένιιαιη·

81 4313 340 4377 audeasymeaning.
369 4312 637 4377 Thebestway,how·
684 4309 769 4370 γύρισι
794 4309 846 4358 ταῖς
873 4309 961 4356 κοιναῖς
988 4307 1091 4356 totto-res
1116 4308 1179 4369 γέρα
1205 4309 1240 4359 τὰ

81 4412 146 4456 ever,
159 4400 187 4445 to
203 4395 262 4445 look
278 4400 306 4444 at
324 4395 358 4443 all
375 4395 445 4444 these
460 4394 636 4446 difficultiesis
683 4392 830 4453 νομιζιρινα,
861 4394 916 4442 obre
944 4391 1061 4453 Κορινθίῳ
1088 4391 1154 4451 άιθρι
1181 4408 1238 4453 προ-

80 4479 192 4542 through
203 4478 247 4528 the
257 4477 367 4527 medium
380 4477 410 4526 of
422 4478 466 4527 the
480 4477 575 4537 Greek;
592 4477 637 4527 the
685 4474 859 4534 καταρχόμεθα
875 4475 923 4522 τῶν
939 4474 1014 4536 ιερῶν.
1032 4471 1150 4521 Tuum.
1164 4483 1182 4520 1.
1197 4486 1237 4535 25·

81 4557 160 4606 Latin
174 4556 325 4605 translation
336 4571 387 4604 was
402 4555 429 4604 in
442 4555 476 4604 all
486 4554 637 4620 probability
684 4554 717 4604 In
739 4555 801 4604 euch
817 4570 885 4604 cusa
902 4555 944 4604 tha
960 4555 1031 4604 finite
1048 4554 1107 4604 verb
1123 4559 1191 4605 must
1207 4555 1238 4607 be
