2954 4986
242 347 309 410 346
634 358 745 410 VANA
771 356 997 411 CURIOSITAS

107 533 199 573 man.
311 515 341 576 2.
387 512 469 594 Quid
494 510 626 576 enimsi
649 532 705 596 per
726 509 785 573 hos
805 517 936 574 conatus
958 508 1121 594 paululum
1145 508 1219 595 quia
1238 508 1342 586 elatus,
1360 528 1390 574 eo

86 580 219 710 ‘ffilffl
245 616 328 702 quod
344 615 498 680 Dominus
512 614 636 691 dixerit,
652 613 726 699 quia
740 623 768 677 ct
782 611 894 697 capilli
908 613 1020 698 capitia
1032 612 1129 676 nestri
1139 633 1242 676 omncs
1256 612 1392 675 noman

113 718 171 762 ”ll
180 718 197 755 ²·
245 731 324 799 sont,
339 721 459 786 curiose
472 721 627 808 inquirere
642 718 783 796 voluerit,
807 727 839 784 et
856 739 1019 784 numerum
1034 717 1282 804 uniuscnjusque
1296 715 1392 799 capitis

79 836 139 876 Μ
149 838 207 875 καὶ
245 822 434 907 capillorum,
450 831 483 886 et
497 843 624 886 oausam
639 819 811 908 exquirere,
826 840 881 904 per
896 841 990 903 quam
1004 818 1056 883 hic
1071 818 1201 905 quidem
1216 827 1331 893 tantos,
1351 815 1393 880 illc

243 932 349 988 autem
368 933 475 988 tantos
489 924 617 1009 capillos
631 923 757 999 habeat,
781 944 844 986 non
866 922 1011 987 omnibus
1032 943 1074 986 ex
1095 942 1189 1008 aequo
1209 919 1393 995 habentibus,

244 1028 301 1092 sed
312 1028 418 1094 multis
429 1028 564 1093 millibus
574 1049 667 1114 super
679 1027 775 1092 millia
784 1026 853 1092 aliis
866 1036 961 1112 atque
975 1026 1045 1090 aliis
1056 1027 1197 1091 numeris
1210 1025 1351 1099 inventis,
1364 1044 1394 1088 eo

244 1131 328 1217 quod
351 1131 402 1194 alii
427 1130 552 1216 quidem
572 1131 700 1217 majora,
722 1130 775 1193 alii
798 1137 904 1194 autem
925 1130 1045 1195 minora
1065 1131 1206 1194 habeant
1226 1129 1348 1215 oapita;
1368 1136 1396 1193 c

244 1233 296 1297 alii
315 1234 440 1318 quidem
460 1232 578 1316 spissos
595 1232 723 1320 capillos
743 1254 876 1320 semper,
899 1231 951 1296 alii
972 1242 1080 1299 autem
1095 1253 1194 1308 raros,
1210 1231 1265 1296 alii
1281 1252 1350 1296 vero
1369 1239 1396 1295 et

244 1336 370 1398 omnino
384 1357 501 1420 paucos
520 1335 649 1420 capillos
669 1335 824 1401 habeant:
849 1343 882 1401 ct
904 1335 947 1413 hi,
970 1334 1023 1420 qui
1045 1343 1160 1420 putant
1182 1356 1220 1398 se
1242 1355 1395 1399 numerum

244 1438 397 1503 invenisse
420 1439 611 1524 capillorum,
630 1447 753 1504 tentent
772 1438 886 1504 referre
907 1439 948 1503 ad
970 1437 1185 1502 testimonium
1208 1459 1277 1501 suae
1299 1444 1395 1510 secta,

244 1562 337 1625 quam
353 1541 628 1627 excogitaverunt?
670 1542 739 1605 Aut
757 1541 870 1605 iterum
892 1541 918 1605 si
941 1539 1011 1626 quis
1033 1540 1074 1602 ob
1095 1539 1157 1604 hoc
1179 1539 1266 1623 quod
1288 1538 1396 1602 dictum

101 1671 114 1699 ι
149 1667 169 1695 ¹-
203 1685 209 1697 ·
243 1642 333 1706 sitin
349 1642 538 1729 Evangelio:
563 1644 675 1707 Nonne
688 1643 896 1727 dnopaaacrcs
910 1663 976 1706 osse
992 1641 1146 1705 veneant?
1169 1652 1198 1705 ct
1214 1663 1296 1704 unus
1310 1641 1397 1704 calis

243 1767 304 1813 oon
325 1746 412 1813 cadet
432 1755 659 1831 superterram
682 1746 767 1810 ¹aino
780 1745 894 1809 Patria
911 1744 1004 1808 venri
1026 1742 1198 1808 nioman.-
1223 1757 1438 1808 enumerarett

243 1847 374 1914 volucrit
388 1855 498 1933 captos
511 1846 625 1931 ubique
636 1846 775 1933 quotidie
785 1867 927 1932 passeres
940 1845 1005 1910 sive
1019 1844 1053 1908 in
1066 1865 1256 1931 unaquaque
1268 1848 1397 1932 regione,

243 1959 277 2015 et
291 1971 419 2016 causam
433 1950 589 2038 requirere
603 1951 644 2014 ob
658 1971 752 2036 quam
768 1948 835 2013 heri
850 1949 976 2034 quidem
994 1956 1112 2025 tantos,
1134 1969 1173 2013 ao
1194 1949 1315 2034 ²pridie
1335 1959 1398 2014 tru-

243 2061 305 2130 tos,
329 2052 422 2119 bodie
443 2061 551 2118 autem
575 2052 687 2117 iterum
708 2052 789 2117 tanti
811 2053 876 2117 siut
900 2052 952 2138 qui
974 2052 1057 2138 capti
1082 2061 1175 2116 suut:
1200 2061 1235 2117 et
1255 2062 1398 2118 annectat

244 2176 404 2239 passerum
419 2176 582 2219 numerum
595 2155 636 2220 ad
650 2177 740 2219 suam
754 2163 988 2241 argumentum
1011 2176 1115 2219 noune
1128 2155 1269 2240 seipsum
1283 2156 1399 2221 seducit

244 2257 380 2335 omnino,
407 2265 440 2322 et
463 2279 518 2323 eoa
546 2258 597 2342 qui
625 2258 654 2323 ei
675 2258 876 2344 acquiescunt
899 2258 933 2322 in
955 2279 1102 2345 magnam
1127 2257 1285 2323 insaniam
1307 2259 1397 2346 cogit,

242 2380 366 2443 semper
392 2360 544 2445 promptis
569 2359 756 2438 hominibus,
780 2367 817 2425 ut
841 2360 874 2424 in
898 2359 1014 2425 talibus
1041 2359 1177 2444 amplius
1207 2361 1284 2446 quid
1310 2383 1398 2446 quam

243 2462 384 2548 magistri
407 2485 514 2528 eorum
536 2471 685 2548 putentur
707 2463 877 2528 iuvenisse!

309 2567 341 2630 3.
387 2565 470 2646 Quid
496 2573 603 2631 autem
629 2565 656 2629 si
682 2565 753 2650 quis
781 2564 952 2652 interroget
977 2587 1045 2643 nos,
1071 2565 1099 2630 si
1125 2566 1229 2631 omnis
1256 2589 1399 2632 numerus

243 2667 381 2731 omnium
396 2688 466 2752 quae
482 2674 556 2732 sunt
570 2667 665 2742 lacta,
673 2676 707 2731 et
717 2688 787 2752 qum
799 2667 887 2743 liant,
899 2667 997 2732 scitur
1011 2689 1031 2732 a
1046 2667 1126 2746 Deo,
1139 2676 1174 2732 et
1188 2669 1216 2732 si
1230 2670 1398 2733 secundum

242 2766 325 2833 illius
339 2768 564 2853 providentiam
576 2767 787 2853 unusquisque
801 2789 907 2833 eorum
923 2790 1003 2846 eam,
1019 2790 1089 2854 quae
1103 2770 1279 2835 secundum
1293 2793 1329 2836 sc
1342 2780 1397 2847 est,

242 2871 364 2957 accepit
386 2870 611 2956 quantitatem:
645 2871 795 2957 nobisque
821 2871 1088 2936 consentientibus
1109 2882 1142 2936 et
1165 2874 1397 2950 confitentibus,

242 2973 315 3059 quia
336 2972 413 3039 nihil
435 2972 561 3042 omnino
583 2973 693 3038 horum
714 2995 783 3059 quae
800 2973 884 3039 lacta
903 2982 987 3052 sunt,
1010 2983 1043 3039 et
1066 2996 1136 3061 quae
1159 2976 1294 3042 linotet
1314 2979 1397 3055 lient,

241 3076 406 3142 scientiam
432 3076 493 3141 Dei
517 3075 608 3162 fugit,
635 3076 691 3142 sod
717 3098 772 3160 per
797 3076 879 3141 illius
902 3077 1128 3162 providentiam
1157 3081 1398 3167 unumquodque

241 3199 349 3245 eorum
363 3188 396 3245 et
410 3179 561 3254 habitum,
577 3187 610 3244 ct
629 3178 779 3256 ordinem,
802 3187 835 3244 et
857 3201 1029 3257 numerum,
1045 3190 1078 3246 ct
1094 3183 1306 3268 quantitatem
1320 3184 1397 3249 acci·

242 3303 315 3364 perc
329 3290 362 3346 et
375 3281 533 3366 accepisse
547 3281 712 3367 propriam,
733 3292 766 3346 et
786 3281 1006 3349 nihilomnino
1028 3307 1128 3369 neque
1152 3285 1260 3365 ³vane,
1284 3310 1342 3353 nec
1363 3295 1397 3351 ut

241 3384 382 3468 provenit
396 3385 513 3448 lactum
528 3392 584 3448 aut
597 3385 675 3462 lieri,
695 3386 750 3451 sod
765 3408 837 3451 cum
857 3409 972 3474 magna
985 3389 1146 3474 aptatione
1160 3398 1193 3455 et
1208 3392 1397 3456 conscientia

240 3485 374 3561 sublimi,
389 3493 421 3550 et
436 3507 504 3550 esse
518 3486 732 3555 admirabilem
752 3490 915 3568 rationem,
930 3500 963 3555 et
977 3513 1048 3556 vere
1063 3492 1199 3557 divinam
1214 3517 1286 3580 quae
1302 3494 1397 3579 possit

239 3587 417 3674 hujusmodi
438 3597 471 3653 et
492 3588 677 3667 discomere,
698 3600 731 3655 et
753 3614 865 3658 causas
878 3594 1019 3680 proprias
1040 3595 1216 3661 enuntiare:
1241 3597 1397 3683 accipiens

240 3690 365 3756 anobis
378 3691 555 3776 hujusmodi
577 3691 791 3757 testimonium
812 3703 845 3760 st
867 3716 1063 3774 consensum,
1082 3705 1194 3785 pergat
1212 3699 1339 3777 adhoc,
1361 3706 1395 3762 nt

240 3803 273 3858 et
298 3816 424 3858 arenam
448 3803 608 3860 enumeret
633 3804 665 3861 et
691 3797 827 3863 calculos
847 3806 952 3878 terrae,
976 3800 1031 3865 sed
1050 3808 1084 3865 et
1104 3800 1220 3867 fluctus
1240 3803 1346 3882 maris,
1365 3811 1397 3867 ct

289 4063 373 4114 ¹Sinc
383 4064 549 4116 Patriamatrl
559 4067 688 4133 mlumate]
701 4069 795 4120 Volun-
845 4071 933 4122 aionon
953 4072 997 4124 boc
1016 4074 1131 4137 glossema
1150 4075 1261 4127 labaim
1282 4078 1395 4128 Latinam

240 4153 292 4198 tate
303 4148 331 4197 in
342 4147 407 4197 Novi·
420 4148 559 4198 Testamenti
572 4151 645 4200 codd.
659 4151 728 4200 baud
738 4153 794 4214 lepi-
846 4155 967 4217 Italicam,
987 4157 1099 4207 dubitare
1115 4174 1158 4207 noa
1172 4176 1221 4207 aon
1236 4160 1321 4209 sinant
1335 4162 1396 4209 Teu-

240 4244 307 4285 msa;
324 4228 380 4292 legit
398 4237 477 4277 autem
495 4230 522 4277 in
541 4246 584 4278 auo
602 4232 733 4293 exemplari
746 4233 794 4282 Ire·
845 4249 993 4288 rotmanus
1015 4240 1044 4289 id
1066 4240 1192 4304 aliquoties
1216 4242 1252 4291 ito
1281 4243 1392 4306 alagona,

239 4326 312 4370 nans,
326 4318 352 4358 ut
367 4319 387 4359 et
405 4327 432 4359 a
445 4311 490 4371 Iria,
504 4311 546 4360 lib.
561 4324 584 4372 5,
597 4328 650 4374 cop.
665 4326 703 4372 αι,
718 4315 794 4363 zerbis
845 4317 946 4369 Novar.
964 4321 994 4369 de
1006 4320 1076 4371 Prin.
1089 4338 1142 4385 cop.
1156 4325 1178 4383 8,
1197 4324 1278 4374 Orsa.
1295 4326 1341 4389 Bp.
1355 4338 1391 4389 59,

239 4393 374 4453 colligatur:
393 4393 502 4442 Nolentc
511 4393 685 4453 Patrenostro,
700 4396 743 4458 qui
755 4402 793 4446 eat
846 4401 888 4452 01.
901 4403 1080 4464 antemium,
1094 4403 1192 4467 aliique.
1223 4407 1326 4458 Gml.

239 4474 264 4521 in
276 4474 351 4533 omlis,
366 4491 445 4538 neque
460 4491 544 4538 passer
560 4475 632 4524 cadat
648 4477 674 4524 iu
691 4482 790 4528 terram.
892 4480 904 4512 ¹
921 4483 1007 4534 Mass.
1021 4486 1136 4549 supplica,
1150 4489 1237 4550 aperit
1247 4488 1345 4552 uliquis.

234 4555 448 4610 Antcrlrobr'com
463 4565 587 4626 quoquest
606 4558 730 4610 Persicam
746 4576 796 4609 ocr-
893 4561 904 4593 ²
921 4564 1079 4615 <Emmatha
1088 4567 1156 4616 older
1166 4569 1238 4630 torm,
1252 4587 1320 4620 rum.
