2954 4986
409 339 496 391 mem
522 340 589 393 esc
616 331 1239 397 1uueo1en1me1s.347

36 517 64 556 u.
81 493 190 558 stelles
212 495 293 575 coeli,
316 505 348 561 et
371 518 483 562 causes
501 498 679 585 excogitare
701 499 821 565 numeri
845 500 898 586 qui
922 506 1050 587 putatur
1073 500 1234 565 inventus:
1280 516 1333 558 tm
1345 519 1372 558 11

82 617 186 660 nonne
202 596 234 660 in
249 620 360 663 vanum
375 599 528 677 laborans,
544 607 576 664 et
590 600 704 665 delirus
726 600 777 666 hic
799 601 881 681 talis,
903 610 936 667 et
958 602 1175 666 irrationabilis
1196 604 1237 667 ab
1258 574 1387 695 {lige
1321 564 1393 696 'fell'

82 698 227 763 omnibus
242 700 294 785 qui
309 722 436 765 sensum
450 702 577 779 habeut,
589 703 674 788 juste
689 703 830 768 dicetur?
866 703 910 768 Et
932 725 993 790 quo
1009 703 1109 790 nugis
1124 711 1237 789 praeter
1284 702 1340 741 ¹¹⁹¹·
1350 705 1369 742 ³

82 807 215 864 caeteros
238 801 269 862 in
292 801 468 887 hujusmodi
495 802 719 888 quaestionibus
741 814 920 891 occupatur,
943 812 976 870 et
997 826 1060 891 quo
1079 805 1148 889 plus
1169 805 1238 869 eliis

82 903 259 968 adinvenire
277 927 311 969 se
332 906 501 985 existimat,
517 908 651 994 reliquos
672 908 841 993 imperitos,
857 918 889 974 et
904 907 1026 986 idiotes,
1042 916 1075 972 et
1089 907 1239 972 animales

84 1029 209 1083 vocans,
233 1030 270 1072 eo
294 1011 376 1094 quod
402 1032 464 1074 non
487 1011 658 1096 suscipiant
683 1011 750 1097 ejus
773 1019 839 1076 tam
863 1033 977 1076 venum
1000 1010 1153 1086 laborem3
1178 1011 1239 1075 hoo

83 1110 185 1196 magis
207 1120 256 1176 est
281 1112 408 1178 insanus
432 1122 465 1178 et
487 1115 640 1199 stupidus,
666 1123 816 1200 tanquam
840 1115 982 1180 ¹lulmine
1008 1135 1182 1201 percussus,
1205 1114 1238 1177 in

84 1212 168 1277 nullo
191 1214 305 1279 cedens
320 1215 410 1289 Deo;
434 1219 489 1281 sed
512 1240 567 1304 per
586 1217 759 1297 scientiam,
775 1240 868 1305 quam
886 1217 1039 1283 invenisse
1060 1214 1115 1281 ²se
1135 1224 1236 1303 putat,

84 1316 205 1399 ³ipsum
229 1327 330 1383 mutat
352 1319 465 1398 Deum,
483 1330 516 1386 et
534 1321 691 1407 jaculatur
714 1322 903 1388 senteutiam
924 1343 1012 1387 suam
1035 1341 1128 1406 super
1149 1341 1236 1407 mag-

84 1417 257 1485 nitudinem
272 1421 408 1487 lactoris.

586 1593 678 1691 Κεφ.
696 1595 739 1676 μ’.

281 1750 468 1839 Quomodo
494 1765 631 1850 oportet
618 1752 864 1826 tPorobolos
890 1750 1031 1827 ossolet.

167 1926 197 1973 1.
251 1906 332 1974 1Ὀ
319 1935 409 1996 υγιης
432 1913 510 1990 νοῦς,
535 1940 589 1978 και
579 1905 780 1991 ἆκίνδννος,
801 1938 854 1978 και
845 1907 1031 1994 εὖλαβης,
1056 1938 1110 1976 και
1101 1906 1237 2005 φιλα-
1248 1932 1302 2019 {313⁸
1303 1934 1402 2018 [baffia

84 2017 245 2100 ληθῆς,
225 2049 290 2088 Οσα
320 2014 465 2124 [W]
450 2052 481 2089 θ’
513 2053 554 2113 ‘ro
587 2025 654 2091 τῶν
683 2020 863 2120 ἀνθρώπων
890 2017 1024 2114 εξονσῖᾳ
1054 2017 1186 2088 δέδωκεν
1217 2021 1322 2088 510n.v
1309 2026 1400 2066 ΝΜ·

85 2129 177 2213 θεὸς,
208 2130 260 2200 καὶ
292 2133 485 2228 ὑποτέπαχε
515 2136 557 2225 τῇ
592 2135 734 2232 ἡμετέρᾳ
765 2134 893 2223 γνώσει,
924 2137 1033 2204 ταῦτα
1063 2133 1238 2230 προθύμως

85 2244 304 2328 ἔκμελετῆσει,
335 2243 388 2314 καὶ
429 2245 461 2314 ἕν
495 2246 605 2322 αὐτοῖς
640 2247 823 2344 προκόψει,
858 2243 910 2316 διὰ
941 2253 1000 2327 τῆς
1027 2246 1238 2342 καθημερινῆς

84 2356 252 2438 ἀσκήσεως
278 2355 394 2454 ῥᾳδίαν
420 2358 480 2439 τὴν
509 2355 652 2440 μάθησιν
680 2360 785 2448 ἑαυτῷ
817 2358 1017 2441 ποιούμενος.
1062 2353 1173 2427 Ἔστι
1204 2354 1238 2426 δὲ

85 2474 204 2552 ταῦτα,
240 2467 284 2541 τά
313 2500 353 2541 τε
386 2468 438 2540 ὑπ’
472 2471 557 2566 ὄφιν
591 2471 765 2543 πίπτοντα
799 2473 860 2553 τὴν
895 2471 1064 2568 ἡμετέραν,
1089 2469 1143 2539 καὶ
1172 2470 1238 2539 ὅσα

86 2585 234 2679 φανερῶς
261 2584 313 2652 καὶ
343 2583 587 2680 ἀναμφιβόλως
611 2581 782 2677 αὖτολεξεὶ
808 2585 841 2653 ἐν
866 2593 939 2658 ταῖς
965 2583 1064 2658 θείαις
1088 2588 1238 2681 γραφαῖς

84 2694 252 2764 λέλεκται.

555 2827 655 2893 ΟΑΡ.
681 2827 757 2892 XL.

151 2966 181 3027 1.
219 2963 349 3027 Sensus
361 2973 467 3029 autem
481 2985 587 3042 senus,
598 2974 631 3028 et
646 2963 697 3049 qui
712 2964 780 3028 sine
792 2962 929 3049 periculo
944 2971 1003 3039 est,
1019 2968 1052 3026 et
1066 2961 1238 3048 religiosus,

84 3072 117 3130 et
130 3085 240 3129 amens
254 3088 370 3146 verum,
390 3089 460 3153 quae
474 3067 598 3153 quidem
613 3066 698 3130 dedit
717 3066 749 3128 in
763 3065 924 3129 hominum
939 3071 1126 3148 potestatem
1142 3062 1238 3139 Deus,

84 3175 117 3232 et
139 3168 276 3232 subdidit
296 3176 410 3234 nostroe
430 3169 579 3247 scientiae,
595 3169 663 3234 haec
679 3177 821 3255 prompte
835 3167 1046 3243 meditabitur,
1071 3174 1104 3231 et
1118 3166 1151 3229 in
1165 3164 1240 3251 ipsis

84 3272 235 3359 proficiet,
251 3272 398 3336 diuturno
412 3273 516 3336 studio
531 3271 653 3336 facilem
668 3270 830 3336 scientiam
846 3274 971 3334 ⁴eorum
986 3269 1132 3334 efficiens,
1160 3268 1241 3333 Sunt

84 3385 190 3441 autem
217 3375 294 3452 hnc,
322 3397 392 3461 queo
417 3383 492 3439 aute
517 3374 623 3439 oculos
644 3382 768 3437 nostros
790 3380 965 3451 occurrunt,
988 3380 1022 3437 et
1049 3393 1241 3457 quoscunque

83 3486 200 3564 aperte,
223 3488 255 3543 et
275 3479 343 3543 sine
363 3479 509 3565 ambiguo
532 3478 609 3563 ipsis
632 3476 819 3542 dictionibus
838 3477 942 3563 posite
964 3484 1038 3572 sunt
1059 3474 1115 3538 ⁶in
1138 3475 1240 3561 Serip-

84 3580 175 3644 turis:
200 3589 232 3645 et
247 3581 317 3645 ideo
331 3580 486 3666 parabolae
501 3581 616 3645 debent
630 3600 693 3645 non
707 3579 863 3666 ambiguis
881 3578 1033 3663 adepturi.
1083 3575 1136 3642 Sic
1158 3579 1241 3642 enim

85 3691 117 3746 et
141 3683 194 3767 qui
217 3684 375 3761 “absolvit
400 3684 468 3748 sine
482 3683 619 3768 periculo
640 3682 784 3759 absolvit,
806 3691 837 3747 et
857 3681 1012 3767 parabolae
1035 3681 1075 3745 ab
1097 3680 1241 3745 omnibus

36 3808 65 3852 n.
85 3785 227 3850 similiter
245 3787 472 3850 absolutionem
490 3786 660 3870 accipient;
690 3794 722 3849 et
743 3806 763 3847 a
785 3783 916 3848 veritate
938 3805 1051 3867 corpus
1071 3782 1238 3869 integrum,

86 3896 119 3952 et
142 3889 236 3953 simili
264 3890 425 3974 aptatione
454 3890 674 3965 membrorum,
702 3896 735 3952 et
758 3886 826 3951 sine
854 3885 1075 3950 ⁷ooncussione
1102 3906 1242 3969 perseve-

85 3998 144 4054 rat.
192 3990 255 4054 Sed
275 4013 344 4077 quae
366 4013 429 4055 non
448 3999 556 4075 aperte
573 3990 658 4055 dicta
677 3998 761 4068 sunt,
784 3996 977 4075 nequeunte
998 3987 1105 4053 oculos
1126 3987 1239 4071 posite,

135 4143 143 4173 ¹
162 4143 275 4192 Falininc
289 4141 428 4207 ραςιιιςιια]
446 4143 546 4193 Videtur
560 4143 638 4206 apri·
735 4141 746 4173 ³
763 4143 834 4191 αὐτὸν
846 4142 997 4203 μεταβάλλει
1008 4143 1049 4188 τὸν
1061 4139 1120 4186 θεόν.

85 4240 146 4274 mem
156 4226 264 4273 (ireseum-
275 4226 370 4274 terum
382 4226 546 4287 ἐμβρόντητος,
560 4223 639 4274 simili
735 4225 746 4257 ⁴
762 4223 866 4290 Eorum]
877 4227 963 4273 Αὐτῶν
972 4240 1019 4286 pro
1030 4224 1115 4283 ἑαυτῷ.
1133 4222 1236 4272 Gutus.

85 4322 175 4369 ortoque
183 4307 331 4368 proverbiali
343 4322 394 4356 tuoe
401 4314 483 4371 ροαοα
495 4306 572 4355 eciem
582 4323 636 4369 cop.
735 4306 746 4338 ⁶
763 4308 809 4370 leg.
824 4308 851 4354 in
862 4306 944 4355 Scurio
951 4304 1091 4366 Scripturlu.

86 4400 125 4449 53.
161 4388 280 4437 FEL'ARD.
398 4381 401 4386 ’
736 4386 788 4436 ⁶65
810 4389 909 4436 ἐπιλύει.
945 4385 991 4434 Soc
1013 4385 1054 4433 the
1076 4384 1158 4434 Greek
1179 4390 1240 4446 text,

135 4467 146 4498 ²
162 4484 185 4516 sc
196 4470 217 4516 is
229 4470 333 4517 omitted
344 4471 369 4517 in
382 4470 424 4518 the
436 4470 544 4528 Cultum,
557 4468 637 4517 Voss.
688 4485 711 4532 p.
726 4481 780 4529 352,
794 4468 844 4516 and
855 4484 879 4530 p.
892 4481 1016 4530 329,·n.1.

87 4550 136 4597 and
148 4549 236 4599 MERc.
251 4563 267 4597 1.
282 4551 310 4598 M
314 4552 357 4600 SS.
361 4588 368 4610 ,
383 4552 412 4609 ἣν
424 4552 544 4613 εὑρηκέναι
557 4553 626 4599 δοκεῖ.
738 4549 749 4579 ⁷
766 4551 806 4597 καὶ
818 4549 963 4597 ἀπταίστως.
