2954 4986
267 330 317 399 52
603 345 837 397 ararsnlann.
894 345 1081 396 aurumne.

110 539 163 624 ¹5¹1}
167 541 188 624 Ιι
194 539 248 624 {1¹}
268 507 322 577 καὶ
340 510 460 588 ὑλικοῦ,
476 507 592 575 ιε’κεῖσε
610 516 737 603 χωρεῖν,
755 506 840 576 ὅπου
858 502 898 574 όν
912 505 965 574 καὶ
986 505 1045 585 τὴν
1063 503 1267 600 πρόσκλισιν
1285 505 1423 582 ποιήση-

104 613 254 671 fflsb'll
269 648 336 690 παι·
365 620 408 689 τό
429 616 464 687 di
481 616 698 702 πνευματικόν
718 617 960 714 ε’κπεπὲμφθαι,
981 617 1068 691 ὅπως
1085 610 1198 684 ε’νθόθε
1216 619 1271 701 τῷ
1284 613 1424 709 ψυχικῷ

109 708 254 717 —
269 728 410 830 συζυγὲν
427 732 603 828 μορφωθῇ,
624 726 862 813 συμπαιδευθέν
881 729 973 816 αὐτῷ
989 728 1021 797 ε’ν
1040 733 1087 820 τῇ
1103 727 1319 824 ἀναστροφῇ.
1350 724 1420 793 Kal

268 844 364 915 τοῦτ’
389 841 466 911 εἶναι
494 843 633 933 λέγουσι
660 840 703 912 τὸ
729 837 822 924 ἅλας,
848 841 901 910 καὶ
928 838 971 910 τό
1001 845 1071 938 φῶς
1096 844 1160 909 τοῦ
1184 839 1323 920 κόσμου·
1358 835 1418 905 ἔδει

270 952 339 1052 γὰρ
358 958 442 1024 ’τῶν
459 951 612 1050 ψυχικῶν
635 949 705 1059 [τῷ
727 946 884 1055 ψυχικῷ]
907 952 960 1022 καὶ
991 955 1157 1033 αἰσθητῶν
1180 945 1421 1029 παιδευμάτων.

269 1068 325 1135 Δι’
343 1068 386 1136 κόν
402 1065 455 1135 καὶ
473 1067 600 1149 κόσμον
617 1061 878 1136 κατεσκευάσθαι
899 1065 1048 1155 λέγουσι,
1067 1065 1121 1134 καὶ
1139 1062 1200 1134 τὸν
1218 1063 1364 1159 Σωτῆρα
1386 1059 1419 1129 di

268 1177 323 1248 e'rri
351 1183 455 1248 τοῦτο
486 1179 751 1276 παραγεγονέναι
779 1176 822 1248 τὸ
849 1175 1005 1272 ψυχικὸν,
1031 1176 1101 1245 ε’πεὶ
1129 1175 1182 1245 καὶ
1206 1172 1419 1267 αὕτεξοόσιόν

269 1291 371 1373 ἔστιν,
390 1291 477 1365 ὅπως
497 1288 579 1362 atri
595 1291 696 1383 cdcy.
717 1288 787 1358 'liv
810 1286 878 1386 γὰρ
897 1294 1020 1371 ἤμελλε
1037 1286 1162 1389 σώζειν,
1181 1285 1242 1362 τὰς
1262 1283 1418 1383 ἆπαρχᾶς

269 1403 374 1473 αὖτῶν
400 1402 569 1500 εἶληφέναι
597 1399 794 1500 φάσκουσιν,
818 1399 887 1471 ἀπὸ
912 1399 972 1483 μὲν
996 1408 1054 1482 τῆς
1075 1400 1245 1495 Ἀχαμώθ
1263 1397 1308 1469 τό
1328 1429 1418 1467 πνευ-

268 1510 416 1598 ματικόν,
448 1511 517 1584 ἆπό
551 1511 586 1584 di
617 1519 680 1584 τοῦ
713 1515 929 1612 Δημιουργοῦ
958 1511 1142 1583 ἐνδεδύσθαι
1177 1509 1238 1582 τόν
1271 1509 1418 1606 ψυχικὸν

268 1624 435 1724 Χριστὸν,
456 1624 526 1696 ἀπὸ
544 1623 653 1709 dir-519
669 1626 852 1706 οἰκονομίας
871 1628 1136 1724 3περιτεθεῖσθαι
1156 1629 1251 1707 σῶμα
1272 1623 1418 1718 ψυχικὴν

103 1764 253 1815 capenae
268 1738 347 1833 ἔχον
373 1739 495 1821 οὐσίαν,
523 1738 823 1821 κατεσκευασμένον
848 1735 883 1807 δὲ
908 1738 1041 1835 ἇῤῥῆτῳ
1062 1737 1172 1831 τέχνῃ,
1199 1734 1284 1834 πρὸς
1305 1733 1349 1806 τό
1367 1735 1416 1805 καὶ

268 1851 446 1948 4ιἰόρατον,
476 1850 529 1921 καὶ
555 1847 799 1948 ἆψηλόφητον,
833 1844 911 1954 [ἔαρ.
945 1850 1069 1948 ὅρατον
1101 1849 1155 1919 καὶ
1184 1841 1416 1949 ψηλόφητον]

267 1962 320 2032 καὶ
339 1960 491 2043 παθητόν
506 1967 716 2054 γεγενῆσθαι·
742 1961 817 2032 5καῖ
838 1960 947 2031 ὑλικόν
970 1960 1004 2030 δὲ
1027 1959 1090 2031 odd'
1115 1964 1225 2031 ὁτιοῦν
1249 1961 1417 2058 εἰληφέναι

1462 1836 1474 1848 ·ι

1429 1834 1474 1871 u.

266 2147 339 2212 illuc
373 2148 485 2234 redigi,
519 2170 704 2234 quocunque
738 2146 963 2212 declinaverit:
990 2143 1140 2232 Spiritale
1168 2168 1243 2211 vero
1271 2146 1418 2211 emissum

267 2269 344 2325 esse,
372 2247 421 2312 uti
445 2247 497 2313 hic
522 2248 650 2312 animali
674 2247 878 2332 conjunctum
906 2246 1073 2322 formetur,
1100 2245 1300 2310 coeruditnm
1328 2247 1357 2311 ei
1387 2247 1417 2310 in

102 2365 252 2412 flunmen.
267 2347 515 2413 conversatione.
567 2347 613 2411 Et
630 2347 690 2411 hoc
707 2369 774 2410 esse
791 2345 911 2423 dicunt,
929 2345 986 2421 ecl,
1005 2353 1038 2410 et
1055 2346 1155 2411 tumeo
1169 2346 1289 2411 mundi.
1330 2347 1417 2432 Opus

267 2446 437 2511 eratenim
454 2447 582 2511 animali
599 2446 796 2511 sensibilibus
810 2445 990 2530 disciplinis.
1043 2446 1094 2510 Ob
1115 2466 1210 2530 quam
1228 2468 1359 2510 causam
1383 2454 1415 2510 et

264 2545 416 2609 mundum
433 2546 624 2610 fabricatum
639 2545 758 2614 dicunt,
773 2554 807 2608 et
825 2544 1022 2609 Salvatorem
1037 2551 1146 2610 autem
1160 2544 1201 2608 ad
1220 2544 1280 2610 hoc
1296 2546 1415 2610 venisse

265 2643 409 2716 animale,
428 2644 502 2729 quia
516 2667 581 2708 suae
597 2644 767 2729 potestatis
780 2654 839 2716 est,
853 2652 890 2707 ut
907 2643 939 2708 id
956 2645 1064 2709 salvet.
1118 2643 1200 2719 Quae
1217 2644 1302 2708 enim
1318 2645 1415 2709 salva·

265 2749 357 2806 turus
370 2753 449 2816 erat,
461 2766 570 2807 eorum
585 2743 741 2828 primitias
758 2765 831 2806 eum
847 2743 1019 2829 suscepisse
1036 2744 1159 2808 dicunt:
1179 2744 1221 2808 ab
1232 2743 1415 2809 Achamoth

266 2839 393 2925 quidem
409 2841 562 2927 spiritale,
581 2866 602 2907 a
620 2841 794 2928 Demiurgo
812 2850 920 2907 eutem
937 2843 1084 2907 indutum
1101 2842 1283 2928 psychicum
1302 2843 1415 2924 (idest

265 2939 449 3027 animalem)
469 2941 641 3018 Christum,
658 2965 678 3005 a
695 2941 900 3026 dispositione
919 2951 1028 3007 autem
1045 2942 1276 3007 circumdatum
1292 2965 1414 3029 corpus,

265 3037 435 3105 animalem
460 3041 579 3106 hebens
604 3041 824 3118 substantiam,
843 3048 991 3125 peratum
1008 3064 1083 3106 vero
1107 3041 1312 3106 inenarrabili
1337 3051 1415 3116 arte,

265 3146 352 3204 utet
369 3140 498 3217 visibile,
517 3149 551 3206 et
565 3141 732 3227 palpabile,
751 3149 786 3206 et
802 3139 948 3224 passibile
965 3140 1066 3206 lieret.
1094 3140 1141 3204 Et
1157 3140 1297 3226 hylicum
1311 3150 1416 3206 autem

312 3305 321 3336 ¹
341 3308 418 3356 ἐκεῖσε
429 3311 521 3369 χωρεῖν,
535 3310 551 3357 ἰ.
561 3326 582 3357 e.
598 3310 665 3357 Inter
672 3308 818 3357 ιιιαιεήαὶειυ
867 3324 925 3372 may
943 3314 1009 3357 tmoe
1025 3309 1090 3356 back
1107 3314 1134 3357 to
1150 3309 1194 3357 the
1212 3309 1318 3359 Gnostio
1334 3312 1417 3375 period

264 3385 434 3446 etspiritclem
445 3389 550 3446 ardenti,
572 3396 592 3435 rt
609 3389 669 3437 illuc
682 3390 758 3438 ‹lebito
770 3405 819 3451 quc
867 3389 909 3437 the
926 3389 1097 3453 Apollinarien
1112 3391 1202 3439 notion
1220 3391 1277 3440 thet
1291 3393 1336 3440 the
1352 3393 1416 3456 body

260 3464 398 3526 plurimum
424 3468 544 3516 annuerit.
580 3468 659 3517 Tnar.
681 3468 720 3518 26.
765 3469 817 3517 The
866 3470 1234 3536 othristwesofaheavenly
1245 3475 1414 3535 constitution,

264 3547 363 3606 ψυχικοὶ
385 3548 485 3595 become
506 3565 574 3596 more
596 3549 646 3596 and
669 3565 737 3597 more
759 3567 816 3598 con·
866 3551 915 3599 and
927 3556 972 3600 not
982 3552 1050 3615 truly
1061 3551 1089 3600 of
1101 3552 1151 3600 this
1165 3554 1237 3601 earth
1248 3555 1345 3618 oarthy.

263 3629 350 3678 firmed
361 3630 440 3679 either
454 3632 479 3680 in
494 3632 527 3681 all
542 3633 606 3681 saith
618 3633 668 3681 and
684 3634 814 3697 goodness,
915 3630 926 3662 ⁴
939 3632 1043 3692 Ὀρατὸν
1055 3633 1095 3679 καὶ
1113 3633 1262 3694 ψηλάφπτον
1279 3634 1356 3684 lethe
1371 3652 1415 3684 un·

263 3725 291 3758 or
313 3711 338 3758 in
361 3712 484 3777 infidelity
505 3714 554 3762 end
576 3715 729 3778 corruption,
755 3715 816 3777 they
866 3714 976 3763 doubted
1002 3714 1116 3778 reading;
1143 3731 1258 3779 compare
1286 3718 1349 3765 with
1376 3719 1416 3765 the

263 3791 335 3840 alone
346 3793 440 3858 having
451 3795 560 3844 frcedom
572 3797 601 3845 os
610 3796 666 3844 will.
864 3796 1011 3845 translation
1033 3796 1227 3846 Tnnrunnmn's
1248 3799 1339 3858 words,
1366 3799 1416 3858 Quo

313 3872 483 3938 ’Indipuirre
504 3878 569 3926 caim
590 3879 722 3927 animalem
744 3879 815 3926 etiam
864 3877 1006 3938 εοιιρνειειιί,
1019 3884 1040 3925 ct
1056 3878 1232 3940 corsepectumt
1249 3880 1379 3940 εοιιιασιιιὲ,
1397 3889 1416 3928 α

262 3955 414 4004 &tribilium
442 3958 641 4020 disciplinarum.
676 3960 756 4009 Taren.
774 3958 812 4008 26.
864 3959 1000 4021 defunctui,
1013 3961 1261 4024 inprctlerubjecerd.
1298 3963 1414 4027 Tbcpas·

263 4037 316 4086 But
332 4040 374 4089 the
390 4040 504 4102 spiritual
521 4041 578 4089 seed
595 4041 686 4090 needed
704 4043 746 4091 the
764 4045 814 4091 ani·
863 4057 922 4105 sago
939 4058 968 4090 us
987 4042 1080 4091 altered
1099 4043 1144 4090 has
1163 4043 1225 4091 been
1240 4044 1333 4093 elmon
1349 4050 1414 4093 tran·

263 4121 547 4183 meldisciplineoflife,
565 4137 605 4169 eee
617 4139 640 4185 p.
655 4124 693 4183 58,
713 4125 762 4171 and
777 4125 815 4172 for
862 4123 957 4171 scribcd
975 4123 1008 4186 by
1019 4123 1186 4183 Tritonem,
1201 4141 1226 4172 u.
1241 4139 1264 4186 5.
1293 4127 1347 4175 The
1362 4143 1413 4190 pro·

262 4203 313 4252 this
319 4217 406 4251 reason
416 4201 532 4249 Gnaeus
539 4203 678 4264 conjecture
685 4205 813 4266 expressed
863 4203 937 4266 posed
949 4203 1052 4267 reading
1063 4205 1083 4253 is
1095 4205 1157 4268 fully
1168 4205 1313 4265 confirmed,
1332 4206 1346 4263 ἓ
1358 4221 1395 4255 ιο.

262 4282 812 4347 witbinbraeketsisunnecessury;elthough
911 4283 922 4314 ⁸
948 4285 1001 4333 The
1029 4286 1141 4335 doctrine
1169 4286 1198 4333 of
1227 4286 1411 4346 Vnummue,

261 4363 395 4414 confirmed
416 4363 510 4426 bytho
532 4363 666 4412 translatu
687 4363 737 4413 aud
756 4364 812 4413 Ter·
861 4366 991 4426 therefore,
1004 4383 1032 4416 as
1043 4368 1143 4432 regards
1160 4369 1204 4416 the
1221 4369 1318 4419 human
1329 4377 1414 4419 nature

260 4444 356 4494 tullian.
862 4446 891 4494 of
905 4446 988 4495 Christ
999 4464 1050 4496 was
1065 4448 1207 4513 esaentiully
1219 4448 1333 4500 Docctic.
1369 4450 1415 4498 His

310 4523 424 4572 ’ἀπὸδὲ
439 4526 481 4582 τῆς
497 4525 635 4581 οἰκονομίας,
671 4524 758 4572 Hence
775 4541 811 4573 wc
862 4526 928 4588 body
939 4543 989 4574 wne
1004 4527 1099 4575 animal
1111 4528 1157 4576 bnt
1170 4533 1216 4577 not
1233 4530 1355 4590 material,
1369 4529 1415 4578 eud
