2954 4986
297 338 793 393 coun1u1ou1suum1rnux
818 338 1041 393 araneum.
1127 310 1129 314 ’
1174 325 1241 386 343
1273 343 1276 349 ’

82 512 185 579 neque
211 490 250 555 de
277 490 347 556 Deo
373 490 603 578 inquisitionem
629 513 669 556 ex
694 493 840 571 numeris,
866 503 899 558 et
923 494 1059 579 syllabis,
1086 501 1119 558 et
1141 492 1240 558 literis
1275 505 1374 591 &papi

82 592 236 678 accipere.
281 592 445 657 Infirmum
460 601 508 657 eat
526 592 608 656 enim
625 592 684 658 hoc
704 598 712 634 ¹
720 603 845 680 propter
859 594 1059 660 multifarium
1073 603 1107 660 et
1121 594 1240 659 varium
1260 578 1408 684 flffiffillfl·

83 716 202 771 eorum,
232 702 265 760 et
298 695 381 780 quod
406 695 506 780 possit
533 715 626 760 omne
657 705 875 783 argumentum
912 697 1004 762 hodie
1035 718 1124 784 aeque
1156 718 1240 762 com·
1257 691 1402 774 22¹·-

83 805 259 862 mentatum
272 799 313 862 ab
327 797 440 885 aliquo,
456 798 611 864 contraria
624 799 746 864 veritati
761 820 800 864 ex
819 798 895 885 ipsis
914 822 1035 865 sumere
1051 799 1239 877 testimonis,

83 922 121 965 eo
143 901 227 986 quod
253 900 286 964 in
307 901 406 966 multa
427 902 586 967 transferri
608 902 746 988 possint3
776 904 832 968 sed
857 902 941 989 ipsos
970 922 1124 981 numeros,
1149 909 1181 967 et
1203 922 1241 966 ea

83 1024 154 1087 quae
188 1003 272 1068 faeta
299 1013 375 1068 sunt
400 1012 508 1090 aptare
534 1004 649 1069 dehent
678 1005 850 1090 subjacenti
880 1004 1019 1070 veritatis
1046 1013 1240 1091 argumento.

84 1104 158 1169 Non
178 1106 262 1170 enim
283 1106 392 1193 regula
410 1129 451 1172 ex
472 1107 619 1186 numeris,
637 1107 694 1172 sed
716 1107 835 1172 numeri
857 1129 897 1173 ex
917 1107 1042 1194 regula:
1071 1128 1129 1173 uec
1152 1099 1240 1172 Deus

83 1228 124 1271 ex
147 1208 249 1284 factis,
271 1209 327 1273 sed
351 1230 389 1273 ea
410 1229 480 1295 quae
501 1209 687 1288 factasunt,
706 1207 841 1276 exDeo.
877 1210 992 1275 Omnia
1012 1209 1095 1275 enim
1115 1231 1155 1274 ex
1176 1230 1239 1275 uno

84 1318 117 1375 et
132 1311 241 1376 eodem
258 1311 338 1378 Deo.

151 1418 182 1477 2.
229 1414 311 1496 Quia
332 1422 438 1479 autem
461 1415 547 1480 varia
569 1422 603 1480 et
624 1416 723 1481 multa
743 1424 818 1480 sunt
839 1416 1013 1502 quaefacta
1034 1423 1119 1491 sunt,
1143 1415 1239 1480 etad

84 1537 209 1580 omnem
224 1516 348 1602 quidem
370 1517 523 1582 facturam
536 1520 632 1583 ²bene
649 1524 767 1602 aptata,
790 1526 823 1583 et
844 1518 1063 1582 consonantia:
1087 1526 1238 1604 quantum

83 1628 191 1683 autem
205 1627 328 1705 spectat
341 1620 382 1684 ad
397 1620 638 1707 unumquodque
649 1642 766 1698 eorum,
779 1629 853 1684 sunt
864 1620 924 1684 sibi
938 1620 1068 1685 invicem
1083 1618 1239 1686 contraria

84 1729 117 1785 et
132 1744 195 1786 non
210 1722 442 1787 convenientia:
466 1723 548 1788 sieut
569 1723 698 1788 citharae
720 1744 815 1786 sonus
829 1743 885 1807 per
902 1721 1143 1808 uuiuscujusque
1157 1722 1238 1786 ruis-

83 1824 216 1888 tantiam
231 1835 454 1890 consonantem
470 1847 562 1888 unam
579 1825 743 1889 melodiam
758 1833 914 1913 operatur,
927 1847 967 1889 ex
982 1824 1088 1888 multis
1110 1832 1142 1888 et
1165 1846 1238 1888 con·

83 1928 189 1991 trariis
212 1927 298 1992 sonis
321 1927 523 1993 ‘'subsistena.
568 1926 673 1991 Debet
696 1946 771 2014 ergo
794 1935 915 1992 amator
940 1926 1003 1991 veri
1028 1948 1092 1990 non
1117 1925 1238 1990 traduci

84 2029 233 2094 distantia
263 2031 504 2117 uniuscujusque
533 2031 616 2108 soni,¹
644 2052 701 2095 nec
730 2031 825 2095 alium
855 2030 980 2116 quidem
1009 2030 1112 2114 hujus,
1142 2028 1237 2093 alium

83 2140 190 2196 autem
211 2132 293 2196 illius
314 2131 465 2197 artificem
487 2131 636 2218 suspicari
650 2139 683 2196 et
697 2132 864 2197 factorem:
887 2152 988 2218 neque
1003 2132 1097 2196 alium
1112 2126 1239 2217 quidem

82 2234 264 2313 ⁵acutiores‚
282 2235 377 2299 alium
392 2244 497 2300 autem
512 2235 672 2313 vastiores,
694 2235 789 2298 alium
804 2256 876 2300 vero
898 2235 1080 2299 medietates
1097 2241 1234 2318 aptasse:

83 2338 139 2402 sed
157 2360 253 2402 unum
275 2347 308 2402 et
329 2338 442 2424 ipsum,
464 2338 505 2401 ad
527 2337 625 2401 totius
645 2338 747 2422 operis
768 2346 801 2402 et
823 2337 983 2424 sapientire
998 2336 1238 2402 demonstratio-

83 2460 166 2518 nem,
181 2446 214 2505 et
232 2439 374 2525 justitiae,
392 2446 425 2505 et
444 2440 604 2518 bonitatis,
622 2449 655 2504 et
676 2440 824 2505 muneris.
870 2434 916 2503 Hi
938 2461 1010 2504 vero
1032 2438 1086 2525 qui
1107 2438 1238 2503 audiunt

84 2541 260 2620 melodiam,
290 2542 405 2607 debent
434 2538 561 2606 laudare
592 2548 625 2607 et
651 2542 825 2628 glorificare
856 2543 1018 2620 artificem,
1049 2549 1082 2606 et
1106 2541 1238 2606 aliorum

83 2644 209 2730 quidem
224 2642 437 2709 extensionem
451 2643 566 2722 mirari,
582 2642 712 2709 aliomm
726 2652 833 2709 autem
843 2642 1054 2709 laxamentum
1067 2640 1236 2721 intendere,

81 2747 213 2811 aliorum
236 2766 309 2811 vero
329 2746 412 2811 inter
433 2755 600 2833 utrumque
621 2754 904 2833 temperamentum
927 2746 1085 2824 exaudire,
1107 2745 1239 2810 aliorum

82 2857 188 2913 autem
211 2854 321 2934 typum
343 2848 550 2927 considerare,
573 2856 606 2914 et
628 2848 669 2914 ad
691 2848 766 2937 quid
786 2850 1028 2935 unumquodque
1052 2848 1176 2925 referat,
1206 2856 1239 2912 et

81 2978 191 3022 eorum
213 2976 338 3022 oausam
357 2955 521 3043 inquirere,
543 2957 711 3043 ⁶nusquam
732 2957 954 3021 transferentes
967 2955 1117 3042 regulam,
1139 2975 1240 3040 neque

81 3069 224 3125 errantes
244 3062 286 3124 ab
307 3056 437 3138 artifice,
462 3081 563 3147 neque
584 3059 768 3146 abjicientes
794 3059 888 3124 fidem
913 3072 983 3144 quae
1010 3056 1115 3122 estin
1142 3078 1239 3121 unum

83 3162 188 3228 Deum
203 3160 255 3249 qui
269 3161 343 3227 feeit
357 3160 471 3240 omnia,
485 3182 585 3249 neque
600 3160 854 3248 blasphemantes
868 3171 1010 3225 nostrum
1026 3158 1236 3225 Conditorem.

133 3393 143 3425 ¹
157 3399 257 3456 propter·
279 3391 520 3455 mahifcrdcm...ah
543 3391 633 3454 aliquo,
683 3392 735 3440 lute
750 3391 839 3440 should
856 3391 887 3440 be
903 3390 956 3440 said
971 3396 999 3440 to
1010 3392 1104 3451 consist
1114 3407 1142 3440 ee
1156 3392 1239 3441 mrtltr'a

82 3477 127 3525 Gr.
149 3478 188 3524 διὰ
205 3477 233 3523 τὸ
250 3476 357 3523 ποικίλον
374 3476 414 3523 καὶ
431 3475 529 3521 ἀλλοῖον
549 3475 633 3532 αι’ττῶν,
683 3481 704 3522 et
723 3473 854 3523 centrariis
872 3472 944 3522 sonia.
986 3473 1039 3522 The
1057 3473 1157 3523 Cannu.
1178 3474 1236 3524 MS.

82 3559 123 3606 rat
135 3559 191 3618 ἔχον
206 3559 289 3605 πᾶσαν
305 3557 425 3615 ὑπόθεσιν,
441 3557 545 3617 σήμερον
560 3558 637 3604 αὐτων
684 3554 755 3603 reads
771 3553 925 3614 maneam,
940 3554 990 3603 this
1004 3570 1062 3619 may
1078 3556 1141 3603 have
1157 3556 1238 3604 ariscn

82 3640 274 3701 συνεψευσμένην
292 3639 338 3686 ὑπό
354 3654 424 3687 τινος.
460 3636 511 3684 For
522 3650 635 3685 commen·
684 3634 920 3694 honoravimus,
935 3628 1235 3698 applyingtoraelodt'cm}

82 3728 159 3769 totum
171 3720 186 3768 I
198 3720 279 3768 would
291 3734 397 3783 propoee
408 3717 590 3767 mereatum.
684 3717 737 3764 'l'he
748 3717 874 3779 following
890 3731 968 3764 seems
982 3717 1024 3764 the
1040 3717 1139 3764 natural
1152 3732 1201 3764 run
1213 3718 1242 3765 of

129 3802 140 3834 ²
152 3802 289 3865 εὐάρμοστα
298 3804 338 3850 καὶ
349 3805 473 3861 σύμφωνα,
485 3799 637 3847 Massuau'n
685 3801 726 3847 the
738 3798 832 3847 Greek:
852 3799 882 3847 ὡς
893 3799 906 3846 ὁ
917 3799 960 3856 τῆτ
975 3800 1048 3859 λύρας
1065 3796 1131 3858 ἦχοι,
1146 3801 1185 3848 διὰ
1196 3801 1240 3848 τοῦ

82 3884 185 3947 reading
202 3884 267 3932 from
283 3884 326 3930 the
343 3882 387 3931 01..
406 3882 463 3931 MS.
476 3889 497 3930 et
512 3882 568 3930 bene
584 3896 636 3929 ren·
685 3881 788 3927 έκάστου
801 3880 963 3937 διαστήματος
981 3881 1005 3926 έν
1025 3881 1151 3940 σύμφωνον
1166 3883 1239 3938 μέλοι

80 3966 202 4034 sonantia,
217 3965 290 4015 could
303 3965 410 4028 scarcely
423 3965 453 4013 be
466 3963 597 4026 expressed
611 3963 636 4010 in
686 3961 856 4021 ἀπεργάζεται,
883 3961 909 4007 έκ
937 3962 1035 4008 πολλῶν
1062 3962 1102 4009 καὶ
1130 3962 1240 4009 emtor

80 4049 125 4096 ue
136 4048 219 4097 omer
230 4036 291 4095 ¹wien
303 4063 353 4111 any
364 4047 452 4110 degree
463 4045 602 4108 oraoroy.
686 4038 896 4102 φαονιηρχα.

131 4128 142 4160 ³
158 4129 211 4177 The
223 4130 323 4177 Cursu.
339 4128 397 4176 MS.
414 4127 556 4190 effectually
571 4140 637 4174 mara
734 4118 745 4149 ³
763 4119 839 4167 daher
849 4120 893 4176 μὲν
904 4119 1034 4180 ὀξυτέρους,
1049 4117 1127 4166 ἄλλον
1138 4119 1164 4165 δέ
1176 4117 1238 4178 βάσ-

81 4212 125 4260 the
135 4227 205 4259 sanae
216 4212 242 4259 in
254 4210 357 4273 reading
364 4208 529 4257 mouentium.
686 4219 764 4260 σονας,
779 4202 855 4250 ἄλλον
866 4203 946 4250 δὲτὰς
957 4202 1094 4259 μεσότητας
1107 4200 1216 4260 ἁρμόσαι.

131 4289 212 4337 ⁴The
229 4289 292 4337 Edd.
314 4304 387 4351 agree
407 4287 432 4334 iu
455 4286 505 4333 this
523 4284 633 4346 reading,
735 4283 746 4315 ⁶
771 4282 823 4332 Tne
842 4283 943 4333 Charus.
969 4283 1026 4331 MS.
1051 4284 1096 4330 has
1118 4288 1240 4335 υονέναυορ

82 4369 202 4433 referring
212 4370 255 4418 the
267 4368 335 4417 word
346 4367 472 4415 trebn'ma
482 4365 559 4414 tothe
570 4364 639 4412 word
687 4367 729 4415 the
747 4366 830 4415 Greek
848 4381 906 4429 may
918 4366 980 4413 have
997 4364 1046 4412 had
1063 4365 1108 4422 rip
1124 4364 1242 4423 ἡμετέραν

81 4467 160 4500 senua.
197 4451 248 4499 But
259 4452 280 4499 it
291 4465 370 4498 secma
381 4449 445 4497 little
456 4447 534 4511 likely
544 4447 601 4494 that
612 4446 638 4493 in
688 4449 867 4509 παραφέροντες
879 4445 972 4504 κανόνα,
986 4444 1114 4507 αρρὶρίαρ,
1127 4444 1170 4492 the
1182 4442 1242 4491 verb

82 4535 182 4583 ancient
199 4534 278 4582 music
295 4532 339 4581 the
353 4532 442 4595 simple
456 4531 536 4581 round
554 4532 582 4579 of
596 4531 639 4579 the
688 4528 820 4591 transferre
831 4528 882 4575 also
894 4527 988 4590 having
998 4527 1049 4575 this
1060 4525 1233 4590 signification.

431 4650 442 4685 t
1027 4615 1141 4679 22-a
