2954 4986
747 339 886 392 nouas,

733 500 826 598 Κεφ.
856 497 896 569 α’.

275 646 462 720 Narratio
489 646 608 720 omnis
634 647 844 744 aryomooei
868 645 1136 744 discipolorum
1162 641 1357 717 Valentini.

86 820 168 906 ²0¹2}
175 821 192 905 i
199 824 220 906 ¹1
324 815 355 863 Ι.
395 793 617 864 ΛΕΓΟΥΣῙ
637 792 725 894 ι’γάρ
742 826 816 867 τινα
835 794 913 865 εἶναι
933 796 966 864 ἐν
986 790 1143 892 ἆορᾶποις
1160 791 1213 861 καὶ
1234 791 1394 861 ἆκαπονο-

77 903 386 999 “melodema
414 905 576 1000 ὑψώμασι
604 909 752 978 ατέλειον
780 907 892 978 Αἶῶνο
922 907 1084 1005 προόνπω
1125 909 1249 975 τοῦτον
1276 900 1311 972 di
1339 902 1392 971 xci

77 1029 219 1114 ww·
244 1013 439 1123 [προαρχῆν
469 1013 543 1122 καὶ]
579 1017 785 1118 προπάτορα
823 1020 878 1090 καὶ
912 1017 1024 1090 Booti
1052 1023 1221 1088 καλοῦσιν.
1275 1021 1288 1064 3
1300 1067 1391 1083 ......

76 1122 228 1257 &iiiia
242 1128 439 1228 ὑπάρχοντα
476 1129 501 1200 (l
537 1130 636 1202 αὐτὸν
672 1132 847 1229 ἆχῶρητον
876 1132 929 1201 καὶ
959 1131 1116 1229 ἀόρατον,
1143 1127 1246 1198 ἀΐδιόν
1271 1159 1311 1198 πε
1339 1127 1393 1196 καὶ

76 1259 220 1345 Qunam.
243 1243 433 1334 ἀγέννητον,
456 1245 489 1313 ἐν
508 1245 629 1339 ἡσυχίᾳ
652 1245 706 1314 καὶ
730 1246 846 1342 ἠρεμίᾳ
866 1249 984 1335 πολλῇ
1001 1243 1172 1334 γεγονέναι
1192 1242 1224 1310 ἐν
1244 1239 1392 1336 ἆπεῖροις

241 1357 335 1426 citior
354 1349 554 1460 4[χρο’νων].
594 1354 813 1455 συνυπάρχειν
845 1355 871 1426 d'
908 1357 997 1444 αὐτῷ
1024 1355 1078 1425 καὶ
1096 1353 1262 1436 ‘Eurotan
1294 1350 1331 1434 ἣν
1356 1350 1393 1432 δὴ

736 1519 837 1583 CAP.
874 1519 901 1583 Ι.

316 1654 345 1717 1.
399 1651 524 1716 Dionae
541 1651 781 1737 assequendam
798 1650 831 1714 in
848 1650 1065 1725 invisibilibus,
1083 1657 1117 1715 et
1130 1647 1392 1714 inenarrabilibus

238 1752 444 1818 alitudinibus
466 1751 642 1836 perlectum
657 1751 806 1826 AEonem‚
824 1751 877 1836 qui
899 1759 975 1815 ante
992 1750 1063 1818 luit.
1117 1750 1214 1813 Hunc
1231 1755 1340 1812 autem
1358 1753 1392 1811 et

240 1851 434 1927 Proarchen,
452 1860 486 1916 et
507 1850 697 1935 Propatora,
716 1857 750 1914 et
772 1851 899 1936 Bython
916 1857 1051 1915 vocant:
1079 1871 1146 1913 esse
1169 1858 1278 1913 autem
1303 1847 1392 1910 illum

237 1951 432 2024 invisibilem,
460 1957 493 2014 et
518 1972 612 2034 quem
639 1949 726 2014 nulla
755 1972 805 2014 res
833 1971 946 2034 capere
974 1949 1081 2034 possit.
1130 1949 1211 2012 Cum
1240 1954 1391 2012 autema

237 2051 324 2114 nullo
341 2055 519 2134 caperetur,
536 2057 570 2114 et
591 2061 674 2114 esset
691 2048 862 2125 invisibilis,
880 2049 1100 2134 sempiternus,
1119 2057 1153 2112 et
1170 2047 1339 2133 ingenitus,
1358 2046 1391 2109 in

237 2149 364 2214 silentio
389 2157 423 2213 ct
448 2148 605 2234 inquiete
625 2149 727 2213 multa
750 2149 854 2223 luisse,
873 2149 906 2212 in
928 2148 1089 2213 immensis
1106 2147 1255 2211 aeonibus.
1308 2146 1390 2210 Cum

286 2332 519 2381 ¹Er1rnsu11rain
532 2333 570 2380 his
586 2331 655 2379 work
666 2346 732 2394 upon
744 2330 787 2378 the
838 2331 905 2379 tinus
936 2331 1006 2391 vixit,
1030 2336 1104 2379 aetate
1129 2330 1264 2388 florentem,
1290 2328 1332 2376 lib.
1357 2339 1387 2376 11.

236 2414 342 2462 heresias
358 2415 403 2461 has
417 2412 547 2477 preserved
561 2417 588 2459 to
603 2428 633 2459 us
648 2412 691 2458 the
705 2411 787 2459 Greek
837 2427 890 2475 cap.
911 2424 934 2472 5.
961 2411 1030 2475 [ante
1047 2410 1177 2474 medium]
1199 2411 1286 2458 mortis
1308 2425 1388 2457 neces·

236 2500 292 2543 text
303 2496 331 2542 of
345 2496 394 2542 this
406 2495 514 2557 chapter,
527 2494 686 2541 Tnaonoaar
699 2493 743 2540 has
754 2507 786 2539 an

236 2575 346 2623 abstrsct
356 2576 385 2623 of
393 2576 421 2633 it,
431 2574 480 2623 end
491 2575 660 2621 mercamur
672 2574 723 2621 also
734 2573 787 2620 bor·

236 2656 318 2704 rowed
329 2656 422 2720 largsly
432 2657 497 2705 from
509 2657 529 2704 it
540 2656 622 2704 before
633 2655 676 2703 the
687 2655 752 2703 close
762 2655 791 2702 of

236 2737 279 2785 the
285 2737 374 2785 second
381 2743 493 2800 century,
502 2737 528 2783 in
536 2737 575 2783 his
583 2736 683 2784 treatise
689 2736 788 2798 against

235 2818 279 2866 the
285 2818 467 2877 Valentiniano,
477 2819 526 2866 and
534 2819 573 2867 his
582 2818 662 2865 words
670 2832 712 2865 are
720 2817 787 2865 often

236 2898 264 2946 of
277 2904 348 2962 great
359 2900 488 2947 serviceas
503 2904 579 2948 atest
595 2900 623 2948 of
636 2899 679 2947 the
696 2899 786 2947 Greek.

236 2980 413 3040 Hirronrrus,
426 2981 476 3028 and
487 2981 530 3028 tho
538 2980 639 3029 Didaeo.
651 2979 692 3030 Or.
704 2981 785 3028 Canu.

235 3063 284 3110 An.
308 3063 366 3125 gire
388 3063 431 3110 the
460 3062 565 3110 oriental
588 3063 664 3126 phase
686 3062 715 3110 ol
737 3062 787 3110 this

234 3143 330 3207 heresy.

283 3223 295 3253 ²
311 3226 407 3272 Τέλειον
419 3225 507 3272 Ataia.
541 3223 712 3271 Tnnrunamn
728 3222 784 3272 odo.

241 3304 294 3353 Vol.
314 3317 342 3365 7:
371 3305 447 3352 Herae
476 3305 663 3352 miraculae·
691 3305 787 3366 quidem

236 3386 309 3432 αἰῶνα
337 3385 429 3432 τέλειον
456 3384 579 3445 appellant
589 3402 600 3439 ,·
630 3384 788 3445 personaliter

235 3482 288 3515 vero
303 3468 427 3527 προάρχην
444 3473 464 3513 et
483 3468 528 3523 τὴν
546 3467 629 3526 ἀρχὴν,
654 3466 725 3513 etiam
739 3467 787 3528 By-

235 3547 302 3595 tlsion
319 3548 380 3606 (insi.
402 3546 496 3608 Βυθόν,)
519 3547 582 3608 quod
600 3547 626 3594 ia
646 3548 787 3597 militaiibus

235 3629 356 3677 habitanti
374 3629 473 3677 minime
490 3630 648 3691 cooperiebam
665 3631 714 3678 and
729 3631 786 3680 else·

235 3712 316 3760 where
327 3712 485 3771 Valentinus,
510 3727 584 3760 ausos
608 3719 639 3760 eet
659 3713 714 3761 deor
733 3730 785 3762 eoo·

236 3793 313 3856 cipere
335 3793 430 3855 Bython
446 3801 467 3841 et
482 3794 562 3856 θέρον,
581 3809 636 3842 oum
658 3811 730 3857 taqua
752 3797 787 3844 aci

234 3874 336 3936 tn'qe'ota
348 3875 456 3922 AEonurn
461 3875 543 3937 satae,
556 3883 679 3938 tanrquam
691 3878 787 3926 AEonia

233 3956 324 4019 scrofa,
356 3972 453 4005 maman
479 3957 615 4006 divinitatis
641 3959 731 4020 effudit.
763 3976 783 4008 c.

233 4036 315 4087 Maro.
333 4048 389 4098 1.5.
425 4037 519 4086 Glisas
535 4055 592 4102 says
615 4040 640 4087 in
663 4041 700 4088 his
717 4047 784 4101 note,

237 4121 256 4146 “
262 4119 328 4168 AEon
339 4119 416 4183 igitur
426 4118 610 4168 Valentinianis
619 4120 701 4169 Deum
713 4121 785 4169 douo·

232 4203 311 4262 tarit3
328 4219 373 4266 pro
385 4218 435 4265 qua
445 4203 631 4266 significatione,
651 4219 667 4251 a
684 4204 785 4252 Lexico·

233 4281 334 4344 graphia
356 4280 527 4344 praetermissa,
551 4280 656 4328 duorum
675 4281 784 4330 Philoso-

233 4363 340 4426 phorum
365 4363 538 4411 auctoritatem
560 4363 650 4425 accipe,
676 4362 784 4426 Epicteti

233 4446 339 4508 gentilis,
353 4450 379 4493 et
399 4444 623 4508 Pseudo-Dionysii
641 4444 783 4494 Christiani.

233 4525 285 4576 Hie
296 4528 362 4592 apud
374 4528 510 4577 munuum
527 4526 620 4586 eadem,
633 4543 684 4590 qua
693 4526 785 4575 Valen-

839 2495 939 2542 sitatem
946 2494 1108 2553 considerans,
1115 2495 1164 2542 ait:
1177 2496 1203 2541 οὐ
1210 2494 1259 2554 γάρ
1268 2494 1315 2550 εἰμι
1325 2493 1388 2551 αἰών,

841 2575 896 2623 ἀλλ’
906 2578 1035 2636 ἅνθρωπος.
1069 2575 1151 2637 Neque
1165 2574 1228 2623 enim
1242 2589 1296 2621 sirm
1313 2574 1388 2633 Deice,

839 2655 880 2703 sed
897 2655 972 2703 horno.
1007 2656 1055 2704 Ille
1073 2660 1156 2704 autern
1178 2655 1220 2703 lib.
1240 2654 1271 2701 de
1291 2654 1389 2701 Divinis

840 2737 991 2785 Nominibus
1010 2754 1063 2801 cap.
1078 2751 1100 2799 5.
1120 2738 1133 2795 ἓ
1153 2755 1176 2798 4.
1212 2737 1281 2784 Deus
1300 2736 1390 2783 dicitur

840 2819 904 2880 ἀρχὴ
916 2820 955 2866 καὶ
965 2819 1051 2879 μέτρον
1063 2820 1159 2879 αἰώνων,
1172 2819 1211 2866 ital
1226 2818 1316 2879 χρόνων
1327 2817 1389 2864 derb

840 2917 889 2959 της,
905 2901 945 2947 καὶ
962 2901 1027 2947 Aioi
1042 2902 1089 2947 τῶν
1106 2898 1359 2961 semiprincipem
1369 2905 1390 2946 et

839 2996 952 3029 mensura
961 2981 1099 3042 raama,
1110 2989 1130 3030 et
1140 2989 1271 3043 amponius
1282 2980 1387 3038 mantia,

839 3070 859 3111 ot
880 3063 972 3110 AEmsm
994 3078 1074 3111 eoram
1096 3078 1148 3125 qua
1166 3063 1274 3111 mast.
1320 3061 1389 3109 Nam

839 3145 1048 3208 quemadmodum
1058 3145 1084 3192 in
1096 3147 1161 3192 αἰῶνι
1172 3145 1224 3192 sive
1240 3144 1386 3200 eternitate,

839 3242 884 3274 nec
894 3227 1055 3289 preteritum,
1070 3242 1116 3274 neo
1126 3226 1240 3274 futurum
1251 3226 1332 3285 datur,
1347 3224 1389 3273 sed

839 3323 935 3371 sempor
953 3323 1060 3371 praesens
1070 3324 1076 3366 ;
1093 3308 1130 3355 ita
1149 3312 1174 3355 st
1189 3308 1258 3355 Deus
1276 3310 1332 3355 οὔτε
1351 3305 1386 3365 ἢν,

839 3392 894 3438 οὔτε
912 3392 988 3449 ἔσται,
1009 3393 1064 3438 οὔτε
1086 3392 1188 3450 ἐγένετο,
1211 3391 1266 3436 οὔτε
1288 3389 1387 3449 γίνεται,

839 3473 893 3518 οὔτε
900 3473 1035 3531 γενήσεται,
1043 3469 1388 3534 utDionysiusibidemaddit,

838 3551 943 3614 indeque
962 3551 1100 3600 concludit:
1126 3553 1206 3600 Αὐτὸς
1221 3552 1271 3613 γάρ
1291 3552 1357 3598 ἐστιν
1376 3551 1389 3598 ὁ

838 3635 903 3681 Alaba
924 3635 972 3681 τῶν
994 3635 1089 3692 αἰώνων,
1115 3634 1128 3682 ὁ
1146 3634 1259 3695 ὑπάρχων
1277 3636 1323 3695 πρὸ
1343 3636 1390 3681 τῶν

838 3715 950 3763 arom*
984 3686 1051 3770 nitu
1073 3717 1098 3764 sn
1116 3717 1159 3765 aas
1177 3716 1287 3764 cauma
1304 3732 1389 3764 means

837 3811 888 3858 any
909 3796 1100 3846 multitudinem
1122 3803 1231 3860 system
1259 3798 1309 3845 and
1330 3799 1390 3845 each

838 3877 896 3923 αἰὼν
906 3893 957 3924 was
968 3893 983 3925 a
994 3877 1111 3940 pleroma,
1126 3881 1139 3938 ξ
1151 3896 1174 3939 4.

886 3955 897 3987 ³
913 3957 1021 4006 Videtur
1032 3959 1158 4007 Ianualis
1164 3961 1302 4024 scripsisse:
1316 3962 1390 4023 ὑπέρ·

837 4055 889 4098 χειν
912 4040 937 4086 δὲ
966 4041 1038 4088 αὑτὸν
1064 4042 1165 4103 ἀόρατον
1192 4043 1231 4090 καὶ
1254 4044 1388 4105 ἁχώρητον,

838 4119 924 4168 Scriba
942 4137 1001 4169 vero
1015 4122 1069 4170 hsce
1085 4124 1203 4182 omisisse,
1221 4124 1288 4186 quod
1304 4125 1390 4173 eadem

836 4201 886 4250 fere
919 4218 978 4250 mox
1012 4210 1159 4255 recurrant:
1195 4207 1335 4268 ὑπάρχοντα
1363 4209 1390 4257 δὲ

837 4285 915 4343 αὐτόν,
930 4288 1007 4333 era.
1043 4285 1146 4334 Graan.

884 4364 895 4395 ⁴
911 4368 1008 4427 χρόνων,
1022 4366 1116 4416 Gasau
1124 4368 1205 4433 jnstly
1218 4371 1341 4420 considers
1360 4376 1387 4421 to

835 4447 866 4495 be
883 4462 916 4494 an
932 4447 1114 4510 interpolation.
1151 4449 1215 4499 Itis
1232 4452 1329 4501 neither
1345 4470 1386 4502 ex·

834 4528 934 4591 preased
955 4529 981 4576 in
1003 4529 1046 4577 the
1069 4529 1109 4578 old
1131 4531 1229 4580 version
1255 4548 1302 4581 nor
1323 4534 1344 4582 is
1367 4535 1388 4582 it
