2954 4986
194 325 260 390 144
639 337 919 392 mancosronuu

42 519 96 604 ¹33¹
98 519 177 604 31:3¹⁰
274 518 329 568 10.
367 497 437 569 Καὶ
457 529 534 597 περι
551 495 610 582 μὲν
621 503 685 569 τοῦ
702 495 856 581 ’παντὸς
871 496 1037 579 ὀνόματος
1052 493 1241 594 τριάκοντα
1256 495 1351 569 ὄντος

42 611 170 696 ’ἤι’
123 611 177 649 “¹'‘
172 611 401 710 γραμμάτων
416 612 548 695 τούτου,
566 641 621 681 και
610 611 702 682 τοῦ
727 610 840 681 Βυθοῦ
859 614 923 681 τοῦ
945 605 1105 701 αὔξοντος
1128 610 1164 678 ἐκ
1189 612 1257 679 τῶν
1275 608 1350 678 τού-

42 728 177 736 *
191 754 254 797 του
277 721 494 821 γραμμάτων,
513 725 563 795 ἔτι
583 754 624 796 τε
641 729 700 804 τῆς
722 721 900 804 Ἀληθείας
925 722 1085 803 σώματος
1106 717 1349 803 θωδεκαμελοῦς

192 838 226 906 ἐκ
252 834 308 906 drio
330 832 538 932 γραμμάτων
554 839 771 918 συνεστῶτος,
787 835 841 905 καὶ
865 841 924 916 τῆς
951 840 1058 932 φωνῆς
1079 833 1188 916 αὗτῆς,
1211 833 1248 915 ἢν
1267 827 1346 936 [Iret.

192 948 433 1047 τροσωμίλησε
463 942 527 1052 μὴ]
559 951 858 1045 τροσομιλῆσασα,
888 945 943 1016 καὶ
974 945 1050 1044 περὶ
1080 954 1140 1028 τῆς
1170 947 1347 1022 ἐπιλύσεως

192 1066 256 1132 τοῦ
272 1061 316 1142 μὴ
335 1061 540 1142 λαληθέντος
560 1061 734 1143 ὀνόματος,
754 1059 808 1129 καὶ
829 1058 905 1157 περὶ
931 1065 989 1141 τῆς
1005 1063 1069 1129 τοῦ
1085 1059 1218 1142 κόσμου
1235 1059 1346 1154 ψυχῆς

192 1173 246 1243 καὶ
267 1172 448 1269 άνθράτου,
474 1169 561 1243 καθὰ
582 1173 697 1268 ἔχουσι
719 1172 780 1254 τὴν
799 1172 871 1242 κατ’
898 1171 1003 1241 εἷκάνα
1027 1172 1227 1253 οἰκονομίαν,
1249 1168 1345 1247 οὕτως

193 1286 362 1383 ἐλήρησεν.
409 1282 512 1378 Ἑξῆς
535 1282 570 1354 δὲ
595 1289 635 1361 ὡς
653 1282 723 1355 άπὸ
742 1288 808 1355 τῶν
828 1280 998 1367 ὀνομάτων
1017 1280 1200 1381 ἰσάριθμον
1218 1281 1345 1365 δύναμιν

194 1395 356 1489 ἐπέδειξεν
382 1399 400 1478 ἧ
425 1396 609 1496 τετρακτὺς
636 1396 735 1486 αὐτῷ,
762 1395 1031 1487 άταγγελοιῖμεν,
1058 1397 1110 1465 ἵνα
1135 1394 1237 1478 μηθὲν
1262 1393 1410 1490 >nidum

194 1541 235 1582 σε
262 1513 329 1580 τῶν
358 1511 400 1585 εἷς
424 1512 505 1592 ἡμᾶς
530 1511 581 1580 ὑπ’
607 1509 709 1580 ari-rot
732 1509 920 1648 λεγρμὲνων
941 1508 1162 1593 ἐληλυθότων,
1180 1509 1344 1599 ἀγαπητά,

194 1621 299 1698 καθως
317 1618 514 1698 τολλάκις’
498 1619 672 1714 απνῖτησας
689 1652 759 1720 παρ
788 1625 884 1703 ἡμῶν.

279 1755 334 1803 ΙΙ.
386 1730 565 1809 Ουτως
527 1765 583 1804 ουν
602 1734 853 1825 ἆταγγέλλει“
837 1766 854 1815 η
873 1730 1052 1833 πάνσοφος
1069 1732 1158 1822 οὕτω
1143 1733 1324 1825 ἢ’Σιγὴ
1288 1765 1345 1817 την
1356 1731 1415 1860 {iffi

196 1848 325 1940 γένεσιν
353 1850 419 1918 τῶν
447 1842 725 1944 εἰκοσιτεσσάρων
759 1847 947 1941 στοιχείων·
992 1847 1036 1939 τῇ
1072 1846 1236 1928 μανότητι
1276 1833 1379 1918 συν-’ι

196 1957 356 2058 υτάρχειν
385 1959 514 2040 ενάτητι
542 1953 612 2063 [H.
642 1951 814 2061 ἓνότητα],
845 1956 933 2052 ἐξ
907 1990 950 2029 ων
979 1955 1035 2029 θάο
1061 1959 1249 2056 προβολαὶ,
1277 1961 1348 2031 καθ’

196 2071 218 2143 ἃ
248 2072 454 2169 προείρηται·
480 2068 580 2153 μονάς
604 2101 645 2142 τε
668 2101 722 2140 και
749 2068 793 2141 τὸ
817 2071 851 2140 ἕν
876 2072 930 2141 ἔτι
920 2065 1028 2175 [Η.
1049 2077 1069 2142 l.
1089 2066 1156 2175 dte]
1177 2069 1292 2142 θύα
1253 2101 1347 2142 ουσαι

195 2185 350 2282 τέσσαρα
369 2179 439 2288 [Η.
451 2177 635 2286 τέσσαρες]
655 2183 821 2274 ε’γὲυοντο·
840 2181 887 2260 die
905 2180 973 2281 γάρ
993 2181 1058 2268 dn'o,
1073 2185 1250 2283 τέσσαρες.
1277 2185 1346 2255 Καὶ

197 2293 308 2380 πάλιν,
339 2298 375 2366 αι’
403 2294 458 2365 diio
491 2295 544 2364 rai
576 2295 741 2393 τέσσαρες
770 2296 814 2370 εἷς
846 2292 890 2367 τὸ
922 2293 1006 2368 oda-d
1042 2300 1251 2368 συντεθεῖσαι
1287 2297 1347 2369 τὸν

197 2414 262 2480 τῶν
283 2407 320 2502 ἓξ
339 2409 553 2507 ἐφανέρωσαν
572 2407 722 2506 ἀριθμόν.
753 2407 859 2479 Οθτοι
888 2405 923 2478 δὲ
951 2410 985 2479 οἶ
1006 2407 1048 2504 ἓξ
1065 2417 1348 2507 τετραπλασιασ·

275 2558 328 2619 10.
376 2553 422 2618 Et
439 2553 479 2618 de
496 2552 581 2616 omni
599 2552 728 2645 quidem
752 2552 888 2631 nomine,
905 2555 990 2639 quod
1008 2563 1059 2620 eut
1080 2579 1150 2619 xxx
1172 2556 1346 2632 literarum,

197 2664 232 2720 et
260 2655 301 2718 de
328 2653 446 2739 Bytho,
469 2653 522 2738 qui
548 2660 756 2738 augmentum
780 2651 897 2738 aooipit
920 2676 961 2718 ex
987 2654 1081 2739 hujus
1108 2655 1223 2735 literis,
1246 2658 1347 2722 adhue

197 2753 295 2819 etiam
321 2753 361 2816 de
387 2752 545 2817 Veritatis
570 2773 713 2836 corpore,
744 2753 829 2837 quod
854 2761 905 2818 est
930 2754 1094 2818 duodecim
1123 2757 1347 2833 membrorum,

197 2874 387 2938 unoquoque
412 2852 555 2916 membro
578 2873 618 2916 ex
644 2851 767 2916 duabus
792 2850 892 2916 literis
916 2862 1108 2928 constante;
1139 2863 1175 2920 et
1205 2857 1248 2921 de
1277 2878 1349 2921 voce

197 2953 265 3040 ejus
283 2974 377 3039 quam
394 2952 501 3016 loouta
518 2959 645 3016 estnon
663 2950 789 3026 loouta3
807 2957 842 3016 et
859 2951 898 3016 de
916 2952 1106 3020 resolutione
1119 2954 1190 3040 ejus
1206 2955 1348 3031 nominis.

197 3053 284 3140 quod
310 3073 373 3117 uon
401 3061 450 3117 eet
480 3058 684 3126 enarratum
720 3056 755 3116 et
783 3050 823 3115 de
854 3052 964 3117 muudi
993 3053 1112 3129 anima,
1141 3063 1177 3120 et
1204 3055 1349 3131 hominis,

197 3154 369 3219 secundum
387 3174 458 3238 quae
478 3152 598 3216 habeut
624 3150 720 3229 illam,
739 3171 809 3235 quae
833 3159 883 3216 est
906 3151 948 3215 ad
973 3151 1153 3239 imaginem,
1172 3155 1350 3241 dispositio

197 3275 281 3330 nem,
299 3252 343 3316 sio
361 3251 515 3316 deliravit.
559 3249 684 3314 Dehine
701 3261 809 3314 autem
826 3251 1091 3336 quemadmodum
1112 3275 1153 3318 ex
1172 3255 1351 3321 nominibus

198 3351 428 3436 aequiparatam
449 3349 601 3413 virtutem
627 3349 768 3414 ostendit
792 3371 901 3414 eomm
927 3352 1140 3436 quatematio‚
1167 3355 1350 3433 referemus,

197 3458 236 3514 ut
250 3449 327 3512 nihil
344 3448 444 3513 lateat
461 3456 505 3524 tu,
524 3447 735 3523 dilectissimo,
754 3471 863 3515 eorum
876 3472 947 3535 quae
956 3451 999 3516 ad
1012 3473 1070 3517 nos
1080 3463 1297 3538 pervenerunt
1313 3477 1352 3519 ex

198 3549 246 3628 iis,
259 3571 330 3633 quae
347 3549 388 3612 ab
406 3547 444 3611 iis
461 3546 619 3621 dicuntur,
638 3549 904 3632 quemadmodum
921 3572 1004 3636 saepe
1021 3551 1193 3636 postulasti
1211 3575 1232 3618 a
1247 3555 1346 3620 nobis.

276 3650 327 3711 11.
369 3646 421 3711 Sio
439 3655 547 3711 autem
557 3647 728 3713 annuntiat
738 3671 891 3734 perquam
901 3650 1026 3736 sapiens
1042 3672 1153 3716 eorum
1167 3650 1244 3740 Sige
1258 3676 1351 3741 geue

199 3748 355 3812 rationem
381 3770 461 3811 xxiv
486 3747 735 3812 elementorum:
762 3769 834 3812 eum
856 3749 1003 3815 'nolitote
1022 3772 1091 3815 esse
1113 3751 1285 3830 unitatem,
1314 3776 1352 3820 ex

199 3848 311 3935 quibus
330 3847 400 3911 duae
417 3855 493 3912 sunt
507 3846 698 3923 emissiones,
716 3847 798 3912 siout
816 3848 1005 3933 praediotum
1022 3859 1081 3927 eet,
1096 3873 1210 3917 monas
1226 3861 1262 3919 et
1280 3855 1351 3930 hen,

199 3969 270 4034 quae
300 3947 479 4032 duplicatae,
507 3969 538 4011 ιν
567 3946 661 4011 iaotae
690 3955 783 4012 uunt:
813 3947 862 4013 bie
891 3949 975 4013 enim
1002 3951 1076 4026 duo,
1105 3959 1256 4036 quatuor.
1308 3953 1352 4019 Et

199 4069 308 4110 rursus
333 4047 397 4110 duo
422 4053 456 4111 et
482 4054 620 4130 quatuor
636 4046 669 4110 in
687 4046 824 4132 idipsum
841 4048 1034 4133 compositae,
1053 4058 1183 4115 sextum
1206 4053 1353 4118 manifes-

198 4155 350 4212 taverunt
365 4167 539 4210 numerum.
576 4144 623 4209 Hi
639 4153 747 4211 autem
764 4169 821 4212 sex
835 4148 1068 4235 quadruplicati
1084 4149 1198 4236 viginti
1216 4163 1353 4238 quatuor

248 4293 319 4342 1τοῦ
330 4292 425 4351 παντός,
440 4291 483 4340 tho
493 4307 567 4340 name
578 4291 607 4340 oi
616 4291 694 4352 Soter,
707 4292 751 4341 the
849 4291 920 4342 ἈΗ
942 4295 985 4343 tha
1010 4293 1184 4360 anseripta
1208 4297 1269 4347 here
1292 4299 1353 4349 have

198 4376 292 4440 perfect
307 4373 483 4423 fmctifieation
499 4372 529 4420 os
541 4373 585 4422 the
601 4373 680 4422 whole
696 4375 749 4424 Ple
800 4373 926 4436 soliditate,
940 4376 988 4425 but
1002 4376 1046 4425 the
1061 4392 1130 4425 error
1144 4378 1165 4425 ia
1181 4379 1292 4440 eridane,
1305 4379 1352 4429 aud

198 4472 276 4516 roma,
288 4455 366 4505 called
374 4454 501 4514 τὰτάντα,
512 4456 551 4503 διὰ
562 4455 590 4502 τὸ
598 4455 646 4502 ἀπὸ
654 4457 751 4503 :mov
800 4455 862 4505 need
889 4461 935 4505 not
957 4457 1087 4507 otherwise
1111 4458 1176 4509 have
1199 4460 1263 4510 been
1287 4478 1352 4512 men·

199 4537 265 4586 εἶναι.
285 4550 301 4584 1.
315 4537 328 4594 ἓ
341 4555 363 4597 4,
377 4536 433 4584 end.
800 4535 894 4584 tioued.
