2954 4986
241 326 305 389 100
692 337 951 389 VALENTINUS.

84 530 136 614 γρ
143 529 162 612 l1
169 540 191 612 vv.
199 531 218 614 ιι.
241 500 516 597 προβεβλῆσθαι,
529 500 563 581 ῆς
575 496 619 569 τό
631 499 690 582 μέν
702 530 736 570 τι
753 497 897 596 Πατέρα
913 493 1076 597 ὀνομάζει,
1090 494 1136 567 τό
1157 493 1192 566 di
1203 493 1388 578 Ἀλήθειαν.
1400 517 1445 554 ῦ-ὐ

76 622 228 708 Q
239 610 304 681 Ἐκ
324 608 359 680 δὲ
378 619 436 692 τῆς
453 608 615 710 τετράδος
635 612 756 693 ταύτης
773 612 1068 709 καρποφορεῖσθαι
1083 606 1208 699 Λόγον
1227 608 1282 678 καὶ
1296 608 1388 688 Ζωῆυ,

233 722 438 822 Ἄνθρωπον
456 723 510 793 καὶ
526 723 742 804 Ἐκκλησίαν·
774 721 853 792 εἶναι’
871 754 911 794 τε
933 722 1055 802 ταύτην
1075 717 1227 812 όγθοόθα
1252 723 1389 819 πρώτην.

241 835 311 905 Καὶ
338 834 407 905 dard
430 833 489 919 μὲν
513 841 575 907 τοῦ
602 834 724 927 Λόγου
747 833 801 906 καὶ
827 842 885 916 τῆς
911 834 999 916 Ζωῆς
1023 831 1098 904 δέκα
1126 830 1273 916 δυνάμεις
1302 833 1388 923 λέγει

241 949 515 1046 προβεβλῆσθαι,
545 947 648 1024 καθὼς
677 952 925 1046 προειρήκαμεν·
964 943 1033 1016 circi
1056 944 1091 1015 di
1113 951 1178 1017 τοῦ
1193 943 1390 1043 Ἀνθρώπου

240 1060 370 1142 καὶτῆς
390 1060 588 1142 Ἐκκλησίας
612 1058 740 1143 δώδεκα,
759 1060 801 1130 ὧν
817 1060 895 1143 μίαν
911 1059 1116 1129 ἀποστᾶσαν
1133 1058 1187 1128 καὶ
1210 1061 1452 1155 ὑπερήσει-Η

242 1203 314 1255 σαν,
347 1173 407 1254 τῆν
438 1173 558 1254 λοιτῆν
588 1172 823 1271 πραγματείαν
855 1174 1068 1252 πεποιῆσθαι.
1113 1168 1242 1269 ’Όρους
1270 1202 1311 1242 τε
1339 1169 1390 1239 dio

240 1284 392 1366 ὑπέθετο,
419 1284 472 1352 ἕνα
501 1282 560 1366 μὲν
585 1282 713 1377 μεταξὺ
735 1291 799 1356 τοῦ
821 1285 934 1354 Βυθοΰ
949 1282 1003 1352 καὶ
1026 1288 1089 1354 τοῦ
1107 1289 1233 1353 λοιποῦ
1250 1281 1390 1381 Πληρῶ-

240 1425 357 1479 ματος,
376 1393 568 1496 διορίζοντα
593 1395 670 1472 τοὺς
697 1396 869 1487 γεννητοὺς
893 1394 1022 1471 Αἰῶνας
1040 1392 1109 1464 dard
1128 1400 1193 1466 τοῦ
1212 1395 1391 1485 ἆγεννῆτου

241 1506 393 1605 Πατρός·
446 1509 560 1606 ἕτερον
597 1506 632 1577 di
671 1506 732 1580 τὸν
768 1506 980 1608 ἆφορίζοντα
1019 1507 1108 1596 αὐτῷ
1150 1500 1298 1613 [οὔτῶν]
1335 1507 1391 1588 τῆν

239 1621 367 1718 μητέρα
385 1618 454 1690 dard
473 1627 535 1691 rori
552 1621 797 1719 Πληρῶματος.
827 1620 897 1689 Kal
923 1617 984 1690 τὸν
1008 1617 1166 1716 Χριστὸν
1184 1618 1219 1689 δὲ
1240 1620 1296 1690 οὐκ
1325 1619 1389 1689 ἀπὸ

240 1736 306 1804 τῶν
325 1733 357 1802 ε’ν
382 1736 431 1822 τῷ
451 1715 660 1832 Πληρώματι
678 1731 812 1803 Αἰῶνων
833 1733 1106 1831 προβεβλῆσθαι,
1135 1729 1227 1801 ἁλλὰ
1245 1729 1311 1801 ὑπὸ
1336 1740 1390 1813 τῆς

239 1842 374 1942 μητρός,
390 1842 451 1938 ἔξω
464 1840 604 1950 ι[ιιιιρρῖ.
616 1839 671 1948 δὲ]
688 1845 868 1935 γενομένης,
885 1841 972 1915 κατὰ
987 1845 1047 1926 τῆν
1064 1845 1193 1935 γνώμην
1206 1849 1275 1916 τῶν
1287 1876 1392 1943 κρειτ-

240 1958 345 2028 τόνων
368 1957 608 2038 ἆποκεκυῆσθαι
631 1955 717 2039 μετὰ
744 1960 838 2032 σκιᾶς
865 1987 964 2032 τινος.
1008 1956 1078 2025 Καὶ
1101 1961 1225 2027 τοῦτον
1243 1953 1312 2040 μὲν,
1333 1956 1391 2026 ἅτε

240 2066 359 2165 ἅῤῥενα
380 2066 587 2167 ὑπάρχοντα,
606 2066 837 2163 ἆποκόψαντα
861 2068 923 2167 ἀφ’
950 2069 1068 2140 ἑαυτοῦ
1095 2069 1155 2150 τῆν
1180 2065 1286 2151 σκιὰν,
1318 2069 1392 2139 ἁνα-

241 2177 374 2279 θραμεῖν
393 2183 436 2258 εἷς
455 2179 498 2252 τὸ
513 2181 699 2277 Πλῆρωμα.
739 2181 810 2263 Τῆν
830 2178 865 2250 δὲ
882 2182 1011 2278 μητέρα
1025 2183 1290 2278 ὑπολειφθεῖσαν
1307 2179 1390 2263 μετὰ

240 2300 298 2375 τῆς
314 2295 417 2378 σκιᾶς,
440 2293 647 2376 κεκευωμὲνην
668 2325 707 2365 τε
724 2300 781 2375 τῆς
799 2300 1012 2376 πνευματικῆς
1035 2290 1260 2376 ὑποστάσεως,
1279 2295 1391 2390 ἕτερον

241 2454 405 2533 dualitate,
432 2457 602 2520 secundam
625 2456 814 2522 dualitatem
845 2455 1000 2529 emissam,
1028 2455 1117 2541 cujus
1145 2455 1231 2520 aliud
1265 2457 1391 2542 quidem

176 2544 180 2551 ⁶
242 2552 375 2618 Patrem
395 2561 498 2634 vocat,
514 2555 600 2620 aliud
623 2563 732 2620 autem
748 2554 941 2620 Aletheiam.
995 2555 1048 2620 Ex
1064 2555 1125 2621 hao
1140 2563 1249 2620 autem
1266 2566 1391 2642 quater-

241 2652 371 2717 natione
398 2654 583 2719 fructificari
614 2655 724 2741 Logon
747 2663 782 2720 et
807 2655 905 2730 Zoen,
930 2655 1124 2740 Anthropon
1150 2662 1184 2721 et
1206 2654 1390 2723 Ecclesiam.

242 2750 322 2815 Esse
339 2759 446 2818 autem
463 2753 545 2818 hane
562 2754 799 2819 oct-ouationem
816 2753 960 2840 primam.
1012 2754 1057 2819 Et
1075 2776 1095 2818 a
1110 2754 1198 2841 Lego
1214 2755 1343 2840 quidem
1359 2767 1392 2821 et

242 2850 309 2915 Zoe
333 2850 442 2916 decem
467 2852 601 2918 virtutes
623 2854 701 2919 dicit
727 2854 864 2929 emissas,
882 2854 965 2919 sicut
990 2853 1201 2940 praediximus.
1250 2855 1307 2920 Ab
1326 2857 1391 2920 An-

241 2950 358 3037 thropo
378 2958 485 3017 autem
510 2960 543 3018 et
559 2953 702 3019 Ecclesia
718 2977 772 3017 xn.
796 2976 836 3018 ex
861 2953 974 3039 quibus
997 2975 1092 3018 unam
1119 2953 1336 3019 discedentem
1358 2967 1391 3020 et

241 3050 441 3128 destitutam,
468 3052 623 3138 reliquam
654 3052 892 3139 dispositionem
918 3053 1036 3118 fecisse.
1089 3053 1258 3118 Terminos
1284 3065 1391 3120 autem

240 3151 320 3217 duos
336 3151 487 3218 adhibet:
509 3174 608 3216 unum
622 3153 749 3238 quidem
766 3152 852 3217 inter
869 3152 1011 3238 Bythum
1027 3159 1061 3217 et
1082 3153 1199 3239 [suppl.
1217 3152 1388 3240 reliquum]

240 3248 399 3326 Pleroma,
411 3252 679 3317 determinantem
693 3259 787 3317 natos
797 3252 918 3316 AEones
930 3252 971 3316 ab
987 3251 1105 3317 inlecto
1119 3251 1234 3325 Patre;
1255 3253 1390 3318 alterum

238 3370 313 3413 vero
338 3358 539 3434 separantem
562 3350 686 3414 illorum
709 3359 844 3416 matrem
870 3374 890 3416 a
913 3351 1104 3417 Pleromate.
1153 3351 1199 3417 Et
1228 3352 1390 3418 Christum

238 3456 347 3512 autem
365 3469 429 3512 non
440 3449 481 3512 ab
495 3447 544 3511 his
561 3448 614 3532 qui
628 3457 703 3514 sunt
720 3448 752 3513 in
767 3445 950 3516 Pleromate
962 3450 1120 3516 AEonibus
1133 3450 1291 3526 emissum,
1302 3453 1358 3516 sed
1372 3475 1391 3517 a

237 3545 356 3610 matre¹
374 3544 451 3611 foris
468 3553 576 3611 autem
590 3547 676 3613 lacta
689 3550 862 3614 secundum
875 3551 887 3584 ²
892 3550 1077 3615 memoriam
1088 3550 1254 3616 meliorum
1264 3551 1389 3616 enixam

239 3644 399 3732 [enixum]
418 3668 486 3711 esse
506 3668 578 3711 cum
602 3647 739 3733 quadam
760 3649 884 3716 umbra.
938 3649 984 3716 Et
1008 3649 1092 3714 hunc
1118 3649 1255 3736 quidem,
1274 3651 1391 3737 quippo

237 3764 310 3807 cum
322 3752 406 3810 essct
423 3746 589 3823 masculus,
603 3747 772 3812 abscidisse
782 3771 802 3812 a
814 3749 985 3835 semetipso
997 3750 1153 3821 umbram,
1168 3756 1202 3814 et
1212 3771 1391 3837 regressum

236 3840 270 3907 in
288 3844 442 3909 Pleroma.
496 3847 638 3912 Matrem
656 3856 764 3912 autem
781 3849 983 3914 subrelictam
1006 3849 1065 3913 suh
1082 3850 1206 3927 umbra,
1224 3862 1392 3916 vacuatam

237 3995 403 4055 ἀγαπώμενον.
441 3998 582 4060 Προέβαλεν
604 4001 644 4047 οῦν
665 4001 705 4047 καὶ
728 4000 791 4060 aa·
835 3999 915 4061 fado,
929 4000 1009 4048 which
1021 4000 1035 4048 I
1047 4005 1157 4059 restem
1175 4003 1202 4050 δὲ
1212 4003 1239 4050 ἰιι
1253 4003 1296 4051 the
1312 4003 1393 4052 Greek

237 4092 308 4135 νησεν
327 4077 398 4125 αὐτὸς
421 4078 541 4140 trariis),
568 4080 651 4142 ὥσπερ
668 4079 696 4140 ῆν
712 4081 790 4140 μόνοι,
840 4098 899 4145 may
916 4082 980 4130 hare
997 4083 1058 4131 been
1075 4083 1153 4147 easily
1169 4084 1293 4133 absorbed
1309 4085 1336 4133 in
1352 4086 1394 4134 the

237 4155 301 4206 Νοῦν
317 4159 357 4205 xci
369 4158 506 4218 ’Δλήθειαη
521 4162 632 4209 τουτέστι
644 4163 725 4221 δυάδα,
740 4163 793 4221 ἥτις
841 4163 966 4227 following
977 4181 1028 4224 γευ.
1051 4163 1104 4212 'rho
1115 4165 1219 4227 particle
1230 4167 1317 4215 marks
1328 4183 1394 4215 mora

236 4239 304 4301 nupia
316 4240 356 4287 καὶ
368 4240 432 4301 ἁρχὴ
443 4241 530 4302 phere
542 4243 582 4290 καὶ
598 4243 678 4304 μήτηρ
695 4244 792 4292 πάντων
840 4245 953 4309 strongly
963 4247 1019 4293 that
1029 4245 1079 4293 this
1091 4245 1394 4305 drcrdnosrwnswithout

235 4322 285 4369 rtis
301 4322 366 4371 ἐντὸς
386 4324 431 4370 τοῦ
453 4325 614 4385 πληρώματος
635 4327 791 4386 καταριθμου·
840 4326 884 4374 the
896 4325 1016 4376 Pleroma.
1052 4326 1139 4377 Mass.
1154 4328 1200 4377 has
1215 4337 1319 4379 matrem
1329 4330 1395 4393 serit

234 4403 311 4459 μένων
322 4404 424 4452 Δίώνων.
449 4403 515 4452 Ibid.
834 4406 937 4468 factam.
973 4408 1019 4456 See
1030 4424 1108 4471 p.41.

284 4482 364 4532 ¹Ths
384 4485 492 4533 Anum
517 4484 573 4534 MS.
599 4485 612 4532 l
639 4485 720 4545 thinh,
746 4487 790 4534 han
888 4487 1060 4552 'Indicating
1076 4491 1119 4538 the
1135 4491 1276 4553 preferable
1292 4494 1395 4557 reading

234 4565 366 4624 preserved
379 4567 423 4615 the
435 4571 492 4616 true
506 4567 617 4630 reading,
630 4566 698 4629 soria
711 4575 791 4616 cirtem
839 4570 938 4628 μνήμην.
