2954 4986
241 302 308 367 308
501 317 553 369 nn
582 312 852 369 numsromsus
876 310 1135 374 oumsmouns.

107 489 163 573 'ini
171 489 202 528 11.
241 467 411 555 spiritalem
442 471 594 556 siquidem
622 469 706 535 velut
733 467 886 545 homines,
915 465 1079 531 AEones
1070 487 1210 553 ipsorum
1239 465 1389 552 epulantes

77 581 117 666 118181
117 536 230 666 8181813188111
223 571 353 637 sedent
366 574 449 660 apud
466 573 604 649 Patrem,
620 579 653 636 et
667 571 768 686 ipsum
788 569 843 635 tali
859 567 1045 684 figuratione
1060 567 1278 648 exsistentem,
1293 592 1390 655 qnem-

76 673 223 759 —vna—
240 673 409 738 admodum
424 675 574 762 detegunt
589 696 659 739 eum
675 696 728 758 qm
719 672 783 737 ab
799 693 836 736 eo
851 670 956 735 emissi
971 678 1057 736 sunt.

307 780 338 842 4.
383 777 417 841 Si
437 785 542 841 autem
562 776 646 841 velut
668 797 688 840 a
706 774 822 839 lumine
844 773 962 837 lumino
983 794 1117 838 accensa
1134 781 1221 851 sunt,
1237 774 1391 838 &ussa

242 876 340 964 Logo,
359 878 465 965 Logos
478 886 585 943 autem
606 900 626 942 a
647 878 710 953 Nu,
726 885 759 941 et
778 875 847 941 Nus
860 896 880 939 a
895 874 1018 962 Byth03
1042 875 1128 940 velut
1146 876 1233 940 verbi
1246 876 1356 963 gratis,
1374 899 1392 942 a

239 978 342 1043 facula
355 980 485 1056 lacnlae;
508 979 710 1068 generatione
725 978 898 1064 quidemst
918 977 1134 1065 magnitudine
1152 979 1290 1044 fortasse
1304 980 1391 1045 dista

239 1083 318 1147 bunt
332 1084 373 1147 ab
388 1083 537 1149 invicem:
561 1084 701 1170 ejusdem
718 1091 824 1147 autem
844 1082 1029 1146 substantiae
1047 1103 1120 1146 cum
1137 1081 1203 1147 sint
1226 1105 1300 1148 cum
1319 1083 1392 1170 prin-

239 1189 309 1275 cipe
327 1189 502 1255 emissionis
520 1191 667 1277 ipsorum,
690 1198 745 1255 aut
767 1211 875 1254 omnes
892 1188 1098 1276 impassibiles
1111 1199 1324 1275 perseverant,
1344 1200 1392 1256 aut

238 1301 272 1359 et
293 1301 383 1379 pater
403 1293 540 1379 ipsorum
554 1293 752 1380 participabit
766 1293 937 1379 passiones.
983 1292 1093 1376 Neque
1107 1293 1192 1357 enim
1208 1317 1280 1379 quae
1292 1302 1392 1380 postea

239 1415 371 1460 accensa
391 1403 440 1460 est
462 1395 572 1473 secula,
592 1395 724 1460 alterum
738 1394 844 1458 lumen
858 1392 986 1458 habebit
1006 1416 1100 1478 qnam
1121 1393 1199 1459 illud
1221 1397 1306 1480 quod
1326 1405 1392 1461 onte

240 1520 309 1562 eam
325 1497 392 1562 luit.
440 1498 637 1584 Quapropter
650 1505 683 1562 et
704 1496 822 1562 lumina
836 1497 973 1582 ipsorum
988 1495 1162 1581 composita
1182 1495 1235 1560 ¹in
1250 1519 1346 1561 unum
1364 1498 1391 1562 in

239 1600 440 1687 principalem
461 1599 631 1665 unitionem
646 1608 818 1677 recurrrmt,
833 1621 905 1664 cum
919 1600 975 1663 fiat
993 1620 1090 1662 unum
1108 1597 1216 1663 lumen
1235 1601 1320 1685 quod
1338 1600 1392 1664 luit

240 1712 272 1769 et
295 1726 316 1768 s
334 1703 495 1790 principio.
533 1704 625 1786 Quod
639 1712 744 1768 autem
761 1703 905 1789 juvenius
922 1710 971 1767 est
993 1709 1026 1766 et
1049 1702 1219 1786 antiquius,
1243 1725 1344 1788 neque
1363 1703 1391 1767 in

240 1807 309 1892 ipso
323 1805 439 1870 lumine
454 1805 584 1892 intelligi
603 1813 708 1891 potest
732 1812 843 1890 (unum
865 1803 949 1869 enim
970 1803 1075 1867 lumen
1091 1812 1140 1867 est
1155 1805 1276 1885 totum)
1292 1804 1392 1869 necin

239 1908 316 1994 ipsis
330 1930 399 1993 quae
414 1916 616 1993 perceperunt
631 1907 734 1972 lumen
749 1907 876 1972 faculis:
901 1905 1031 1992 (etenim
1045 1905 1121 1991 ipsae
1137 1907 1312 1971 secundum
1326 1907 1392 1971 sub

240 2011 388 2075 stantiam
414 2010 553 2074 materiae
578 2009 610 2074 id
635 2017 759 2095 tempus
784 2010 921 2084 habent;
954 2032 1017 2075 una
1042 2008 1125 2074 euim
1152 2018 1186 2074 et
1211 2011 1324 2075 eadem
1348 2022 1392 2076 est

239 2113 410 2178 facularum
431 2113 576 2196 materia)
597 2114 653 2179 sed
666 2122 790 2179 tantum
811 2114 982 2179 secundum
1003 2114 1231 2193 accensionem,
1251 2115 1392 2200 quoniam

239 2216 339 2282 altera
353 2215 479 2302 quidem
496 2217 589 2282 ante*
602 2216 748 2303 pusillum
762 2224 897 2304 tempus,
912 2217 1011 2282 alters
1031 2225 1138 2282 autem
1158 2239 1245 2283 nunc
1266 2239 1393 2284 accenso

239 2325 298 2386 est.

693 2542 794 2609 OAP.
818 2542 943 2609 XXll.

242 2714 404 2790 Osteusio
422 2714 597 2813 quonium
609 2715 727 2813 Lepos
739 2716 780 2790 iu
796 2715 1038 2792 diminutione
1057 2743 1128 2792 nou
1144 2731 1195 2793 cst
1206 2718 1392 2817 prolutus:

316 2844 349 2905 et
391 2829 578 2922 Quomodo
617 2832 817 2907 secularium
855 2832 1036 2908 tumeticos
1066 2834 1233 2910 uolumus
1266 2834 1395 2910 Putris

315 2947 501 3025 iuvenitur
504 2948 639 3048 secisse
655 2949 905 3046 immanium
922 2962 954 3025 et
972 2950 1098 3025 labem.

242 3136 271 3200 1.
307 3133 420 3198 Lnnns
441 3132 536 3221 igitur
557 3134 626 3220 ejus
648 3157 718 3220 quae
741 3143 790 3200 est
809 3135 980 3200 secundum
1005 3134 1213 3223 ignorantiam
1233 3136 1395 3224 passionis,
1406 3154 1449 3195 ⁰³⁴

239 3247 296 3304 aut
309 3239 452 3304 universo
466 3239 608 3305 similiter
623 3240 793 3306 Pleromati
812 3240 948 3326 ipsorum
963 3241 1131 3328 proveniet,
1147 3264 1220 3307 cum
1236 3243 1302 3309 sint
1316 3247 1396 3331 ejus·

240 3342 312 3406 dem
333 3342 528 3421 substantiae,
554 3351 588 3408 et
610 3343 669 3409 erit
694 3343 727 3408 in
747 3344 931 3430 ignorantiae
951 3345 1032 3422 labe,
1058 3345 1169 3424 idest,
1194 3347 1396 3433 semetipsum

241 3442 388 3529 ignorans
413 3443 584 3528 Propator:
616 3453 671 3510 aut
695 3445 838 3511 similiter
863 3446 968 3511 omnia
994 3446 1196 3532 impassibilia
1221 3469 1396 3532 persevera-

240 3545 319 3609 bunt
342 3566 380 3609 ea
409 3568 479 3630 quae
508 3555 581 3611 sunt
606 3547 689 3612 intra
715 3548 861 3614 Pleroma
888 3548 1016 3614 lumina.
1064 3549 1160 3614 Unde
1190 3550 1287 3638 igitur
1315 3552 1397 3618 circa

236 3646 392 3734 juniorem
414 3649 555 3714 AEonem
576 3649 691 3735 passio,
715 3651 742 3715 si
765 3660 929 3737 paternum
951 3651 1056 3716 lumen
1072 3659 1122 3718 est
1144 3674 1185 3717 ex
1210 3676 1273 3738 quo
1293 3656 1449 3719 omnianr

240 3749 413 3817 constituta
437 3759 511 3816 sunt
531 3751 658 3831 lumina,
683 3754 767 3838 quod
785 3753 970 3818 naturaliter
989 3753 1181 3840 impossibile
1198 3758 1269 3821 estt
1314 3758 1398 3840 Quo-

240 3852 334 3917 modo
358 3861 465 3917 autem
490 3862 523 3918 et
546 3855 688 3941 juvenior
713 3855 824 3941 aliquis
848 3864 904 3920 aut
929 3857 1033 3921 senior
1060 3858 1093 3921 in
1115 3857 1192 3944 ipsis
1218 3860 1312 3924 AEcn
1337 3862 1398 3926 dici

240 3961 355 4040 potest,
371 3975 443 4018 cum
457 3955 500 4019 sit
518 3978 614 4020 unum
629 3956 734 4021 lumen
755 3957 852 4021 totius
868 3957 1074 4024 Pleromatis?
1111 3959 1156 4025 Et
1169 3960 1197 4025 si
1211 3961 1282 4045 quis
1292 3963 1400 4028 stelles

241 4056 326 4123 dicat
350 4078 415 4136 eos,
433 4057 632 4124 nihilominus
654 4059 763 4125 eadem
780 4061 913 4126 universi
936 4063 1129 4148 apparebunt
1147 4071 1261 4129 natura
1275 4067 1401 4152 partici-

80 4190 221 4231 roomo.
240 4168 361 4247 pantes.
407 4161 535 4226 Etenim
561 4161 587 4227 si
612 4162 699 4228 stella
723 4185 745 4226 a
771 4163 858 4229 otoldi
883 4164 919 4228 iu
943 4165 1086 4231 claritate
1110 4166 1227 4249 difflrt,
1252 4170 1311 4235 sed
1336 4192 1401 4237 non

290 4358 545 4409 ¹ForurSn1sasrt
565 4359 694 4424 carelessly
712 4361 795 4426 prints
845 4361 895 4411 and
906 4362 948 4412 th
949 4362 1130 4413 uthetransiit
1131 4363 1241 4414 nfrom
1253 4372 1347 4431 tempus
1354 4384 1401 4432 ps

240 4449 268 4493 ιι
843 4443 1163 4508 riuuimmompmuunr,
1182 4448 1401 4501 asscendinths

290 4522 396 4573 'These
408 4525 488 4573 words
499 4539 562 4573 were
573 4525 627 4574 first
639 4525 790 4589 transposed,
843 4526 951 4576 Annum
965 4527 1022 4579 MS.
1035 4544 1086 4577 was
1097 4543 1163 4593 easy.
