2954 4986
251 339 318 403 164·
728 350 917 405 RATIONES

87 523 240 612 fflfflffi,
253 511 334 612 ὑπὲρ
358 510 402 584 τὸ
427 511 588 602 ὑγιαίνειν,
609 511 715 604 ταῦτη
740 512 873 592 μᾶλλον
897 512 999 585 κακῶς
1023 509 1151 605 ἔχουσι.
1200 505 1347 591 Ὀμοίως
1377 503 1411 574 δὲ

88 620 307 706 ωε5,Ι·’“““καί
325 624 427 707 οῦτοι,
455 626 477 717 ᾖ
497 626 631 707 μᾶλλον
651 625 870 721 ὑπερφρονεῖν
898 618 1041 705 δοκοῦσι,
1070 621 1126 691 καὶ
1152 617 1446 719 ’ἐκνευρίζονσινῑ

93 742 240 751 -”“
254 737 393 820 ἑαυτοὺς,
414 737 578 835 ὑπέρτονα
597 732 797 828 τοξεύοντες,
821 735 926 827 ταῦτη
949 736 1083 816 μᾶλλον
1100 733 1139 803 οῦ
1161 737 1407 830 σωφρονοῦσιν.

250 847 419 943 Ἐξελθάν
443 846 511 947 γάρ
538 846 581 918 τὸ
607 844 798 945 ἀκάθαρτον
817 851 941 928 πνεῦμα
963 853 1021 927 τῆς
1043 843 1179 935 ἆγνοίας
1207 840 1250 950 [l.
1269 836 1406 945 ἆνοίας],

252 963 368 1033 ἔπειτα
399 957 636 1060 σχολάζοντας
663 958 788 1042 αὐτοὺς,
810 958 847 1028 οῦ
875 957 957 1046 θεῷ,
988 956 1080 1028 abab
1105 966 1282 1039 κοσμικαῖς
1314 954 1406 1057 ζητή-

252 1105 347 1145 σεσιν
384 1071 483 1171 εῦρόν,
516 1068 814 1169 προσπαραλαβόν
845 1070 942 1168 ἔτερα
984 1071 1153 1152 πνεύματα
1190 1065 1282 1139 ἔπτὰ
1312 1099 1406 1148 πονη-

252 1188 377 1284 ρότερα
399 1186 524 1266 ἑαυτοῦ,
545 1183 599 1253 καί
620 1187 793 1279 χαννιῦσαν
810 1183 914 1252 αῦτῶν
931 1182 991 1264 την
1011 1183 1150 1273 γνώμην,
1171 1185 1213 1258 ὡς
1231 1179 1404 1264 δυναμένων

252 1296 297 1370 τά
324 1295 406 1395 ὑπὲρ
432 1294 493 1367 τὸν
520 1293 606 1365 Θεὸν
633 1296 759 1378 ε’ννοεΐν,
787 1295 840 1365 καί
868 1291 1051 1376 ἐπιτήδειον
1071 1296 1113 1369 εἷς
1131 1294 1404 1392 2ῦπερέκκρονσιν

252 1405 513 1490 κατασκευάσαν,
527 1408 587 1489 τὴν
602 1404 751 1498 ὄγδοάδα
766 1415 824 1490 τῆς
838 1406 948 1483 άνοίας
962 1410 1028 1477 τῶν
1045 1410 1195 1504 πονηρῶν
1215 1401 1404 1489 πνευμάτων

254 1524 297 1600 είς
315 1521 430 1597 αὐτοὺς
450 1522 633 1603 ε’νεθῆκωσε.

755 1729 848 1828 Κεφ.
869 1731 898 1798 ι’.

255 1886 572 1978 Quoruodnwdnm
592 1885 894 1961 conversationem
916 1883 1112 1959 secundum
1124 1884 1301 1983 figuram
1323 1885 1403 1982 (pue,

416 2001 481 2101 qui
497 2001 602 2101 αριιά
619 2029 676 2077 eos
693 2002 875 2090 Pbromo,
894 2014 1073 2100 seponunt
1081 2000 1241 2098 factam.

329 2153 604 2225 ΒΟΥΛΟΜΑῙ
625 2152 660 2224 de'
678 2187 734 2226 σοι
753 2154 807 2224 καί
826 2158 866 2231 ὡς
885 2153 985 2236 αὐτὴν
997 2154 1057 2235 τὴν
1076 2154 1186 2224 κτίσιν
1202 2155 1279 2224 κατ’
1300 2155 1405 2223 εἰκόνα

252 2272 318 2339 τῶν
352 2264 503 2366 ἀοράτων
540 2266 604 2338 ὑπὸ
640 2273 702 2338 τοῦ
741 2265 949 2364 δημιουργοῦ,
984 2269 1023 2342 ὡς
1059 2266 1260 2357 ἆγνοοῦντος
1297 2266 1406 2340 αὐτοῦ,

251 2377 512 2450 κατεσκευάσθαι
532 2377 583 2449 διὰ
599 2386 656 2461 τῆς
674 2377 816 2477 Μητρὸς
830 2380 979 2469 λέγουσι,
993 2375 1227 2469 διηγήσασθαι.
1259 2377 1407 2475 Πρῶτον
1417 2404 1475 2490 {a

251 2490 311 2575 μὲν
332 2490 379 2561 τὰ
403 2493 575 2590 3τέσσαρα
601 2488 757 2586 στοιχεῖά
777 2497 874 2589 φασι,
893 2496 965 2589 πῦρ,
985 2484 1078 2589 ῦῦωρ,
1098 2497 1169 2581 γῆν,
1189 2490 1281 2588 ἆέρα,
1302 2490 1405 2559 εἰκόνα
1417 2498 1468 2536 '²⁵²

251 2686 363 2765 agunt,
395 2680 539 2762 quaedam
566 2685 674 2743 autem
705 2688 739 2744 et
764 2680 854 2764 quasi
880 2679 949 2764 plus
975 2702 1071 2764 qnam
1099 2678 1169 2744 sani
1195 2686 1283 2751 sunt,
1312 2685 1405 2743 tanto

251 2777 355 2862 magis
381 2779 463 2840 male
491 2778 622 2842 habent.
671 2777 826 2843 Similiter
853 2789 961 2843 autem
991 2786 1026 2843 et
1051 2778 1094 2853 hi,
1118 2800 1182 2864 quo
1208 2778 1312 2864 magis
1336 2777 1405 2863 plus

250 2898 362 2962 sapere
375 2885 539 2962 putantur,
554 2885 740 2941 enervantes
757 2879 951 2963 semetipsos,
966 2900 1061 2962 snper
1073 2887 1185 2942 tonum
1202 2877 1403 2964 sagittantes.

88 2994 231 3035 nstantia
250 2983 344 3041 tanto
361 2976 462 3063 magis
479 2998 543 3041 non
557 2976 697 3062 sapiunt.
738 2976 857 3040 Exiens
874 2977 957 3040 enim
974 2977 1154 3041 immundus
1169 2978 1303 3063 spiritus
1318 2978 1403 3063 igno

249 3077 375 3156 nantia,
392 3077 465 3141 dein
480 3067 631 3141 raoantes
647 3098 701 3141 eos
723 3098 788 3140 non
806 3074 885 3149 Deo,
912 3077 968 3140 sed
994 3076 1206 3141 mundialibus
1223 3076 1404 3162 quaestioni-

250 3176 310 3240 bus
329 3176 498 3251 inveniens,
517 3198 678 3241 assumens
698 3176 776 3241 alios
800 3175 930 3260 spiritus
954 3184 1077 3261 septem
1099 3176 1268 3261 nequiores
1291 3184 1403 3241 semet

249 3273 328 3358 ipso,
357 3283 391 3339 et
414 3275 574 3340 infatuans
600 3276 724 3339 illorum
750 3275 950 3351 sententiam,
973 3273 1062 3361 quasi
1088 3275 1212 3360 possint
1236 3297 1309 3360 quae
1330 3281 1403 3340 sunt

248 3393 344 3456 super
358 3373 463 3437 Deum
475 3373 666 3447 adinvenire,
679 3381 713 3438 et
727 3375 911 3459 aptabiliter
926 3375 959 3438 in
971 3373 1182 3438 exclusionem
1196 3374 1402 3461 oompositam

250 3469 437 3556 Ogdoadem
453 3471 644 3556 ignorantiae
661 3473 922 3557 nequissimorum
938 3473 1107 3558 spirituum
1124 3472 1157 3536 in
1176 3495 1232 3538 eos
1246 3473 1402 3561 deposuit.

739 3648 837 3714 ΟΑΡ.
866 3648 913 3714 Χ.

324 3775 413 3842 Vouo
435 3784 542 3843 autem
559 3777 619 3843 tibi
638 3776 756 3844 referre
774 3780 1037 3866 quemadmodum
1062 3789 1096 3848 et
1121 3781 1226 3869 ipsam
1250 3784 1402 3850 conditio·

246 3897 320 3942 nem
345 3878 519 3941 seeundum
545 3878 715 3965 imaginem
739 3879 939 3945 invisibilium
957 3904 977 3944 a
996 3880 1182 3968 Demiurgo,
1202 3885 1294 3969 quasi
1317 3885 1400 3971 igno

245 3983 340 4042 rante
357 3999 404 4048 eo,
425 3976 615 4041 fabricatam
632 3999 690 4062 per
709 3979 850 4044 Matrem
867 3979 987 4045 diount.
1041 3981 1152 4046 Primo
1169 3982 1302 4068 quidem
1325 4006 1400 4069 qua·

243 4082 320 4142 tuor
336 4075 493 4140 elementa
506 4077 626 4155 dieunt,
638 4077 753 4164 ignem,
768 4100 893 4163 aquam,
906 4090 1035 4156 terram,
1050 4088 1084 4145 et
1097 4087 1218 4159 aerem,
1232 4082 1400 4171 imaginem

293 4234 303 4267 ¹
321 4236 488 4295 έκνευρίζονσιν
498 4235 601 4294 ἑαυτοὺς,
616 4236 722 4285 exhaust
732 4238 798 4286 their
846 4240 961 4303 gony—d
977 4240 1036 4289 Θεὸς
1053 4242 1077 4288 ἐν
1089 4242 1156 4302 μέσῳ
1175 4243 1273 4301 θέμενος
1288 4246 1316 4293 ἐκ
1332 4244 1400 4305 πυρὸς

244 4317 366 4382 Wssssh·
848 4321 888 4368 rol
903 4322 949 4381 γῆς
966 4322 1033 4383 ἀέρος
1048 4339 1077 4369 τε
1099 4324 1128 4370 τὸ
1147 4324 1191 4371 τοῦ
1211 4326 1304 4376 πόντος
1325 4327 1399 4385 ἐδημι-

293 4398 476 4460 ’ὑτέκκρονσιν
497 4398 518 4445 is
546 4397 589 4446 the
611 4396 750 4461 conjecture
772 4400 800 4448 ol
847 4403 952 4463 ούργησε
976 4403 1054 4459 σῶμα.
1101 4401 1181 4454 Hm,
1205 4404 1277 4456 pm,
1302 4418 1340 4454 n,
1362 4406 1397 4454 ²8.

244 4476 362 4531 Brauon.
392 4480 438 4529 See
448 4479 500 4528 also
512 4496 535 4543 p.
552 4479 605 4539 118,
619 4495 644 4528 n.
659 4494 681 4528 a.
847 4482 907 4531 And
918 4483 994 4531 henoe
1005 4483 1048 4532 the
1059 4484 1175 4534 Gnosties
1190 4486 1322 4537 borrowl
1337 4487 1401 4536 tbeir

292 4560 303 4591 ⁸
326 4562 359 4611 So
380 4564 406 4611 in
428 4562 471 4612 the
500 4560 675 4627 Pythagoram
706 4576 797 4612 cosmo-
847 4565 933 4613 notion
951 4564 979 4612 ol
992 4580 1008 4613 a
1029 4564 1091 4630 fiery
1109 4565 1254 4633 Demiurge,
1275 4569 1401 4633 presidiug
