2954 4986
438 383 600 435 caumas
627 380 830 433 AEDIFICAT.
1146 368 1212 430 345

1255 552 1308 591 ΜΒ.
1322 550 1351 590 ll.

1249 599 1323 636 xxxlx.
1334 599 1351 635 1.

548 621 641 720 Κεφ.
662 623 726 691 λθ’.
1233 645 1278 682 ou.
1288 645 1317 682 11.
1327 644 1371 682 xiv.

1245 690 1323 729 Mass.
1331 690 1360 729 ll.

1261 736 1319 775 ml.
1328 737 1345 772 1.

128 788 230 880 Quid
246 788 294 865 sit
310 789 407 888 quod
424 814 450 861 α
466 787 590 861 Paulo
607 785 748 860 dictum
769 799 828 877 est,
848 784 1015 860 Scientio
1032 784 1152 882 inflat,
1228 808 1374 818 -··--

399 904 545 978 dilectio
562 916 683 978 cutem
702 901 870 998 oede'yicat.

10 1091 39 1174 ξος
140 1092 170 1139 1.
214 1071 377 1154 Ἀμειυον
400 1069 454 1139 καὶ
489 1066 763 1168 συμφορώτερον,
792 1065 924 1143 ἰδιώτας
959 1066 1012 1137 καὶ
1046 1069 1378 1158 ὀλιγομα-ᾖζξὶιῗᾞω·

1198 1183 1214 1199 .-
1227 1164 1352 1213 laeouiurdt.

59 1185 125 1257 θεῖς
161 1183 331 1281 ὑπάρχειν,
362 1182 415 1252 καὶ
451 1178 503 1251 διὰ
533 1189 592 1263 τῆς
620 1178 752 1270 ἆγᾶπης
782 1180 927 1263 πλησίον
960 1180 1115 1270 γενέσθαι
1149 1209 1266 1255 roura.

59 1293 155 1377 θεοῦ,
170 1294 194 1377 η*
207 1298 408 1377 πολυμαθεῖς
425 1293 478 1364 καὶ
500 1294 672 1390 ἐμπείρους
690 1291 864 1369 δοκοῦντας
882 1292 970 1376 εἶναι,
984 1295 1214 1390 βλασφήμους

59 1408 103 1481 εἷς
120 1404 181 1476 τὸν
202 1408 323 1477 ἔαυτῶν
342 1406 548 1504 εὑρίσκεσθαι
571 1403 749 1488 δεσπότην.

480 1623 583 1688 OAP.
608 1624 791 1689 XXXIX.

127 1764 156 1826 l.
204 1761 342 1825 Meuius
371 1768 421 1824 est
446 1782 522 1846 ergo
548 1768 582 1824 et
607 1760 723 1837 utilius,
751 1761 864 1825 idiotas
887 1767 920 1824 et
944 1781 1054 1846 parum
1079 1760 1216 1826 scientes

60 1864 222 1942 exsistere,
252 1874 285 1929 et
309 1886 365 1949 per
390 1863 554 1928 caritatem
579 1864 755 1949 proximum
780 1863 847 1929 lieri
877 1863 958 1942 Deo,
984 1885 1078 1950 quam
1104 1871 1214 1950 putare

60 1966 192 2030 multum
216 1966 305 2042 seire,
332 1975 366 2030 et
388 1965 486 2030 multa
509 1974 656 2051 expertos
674 1966 706 2029 in
727 1987 817 2029 suum
841 1965 945 2030 Deum
971 1965 1008 2053 [l.
1025 1963 1213 2049 Dominum]

60 2067 258 2153 blasphemos
278 2067 417 2144 inveniri,
440 2066 573 2132 alterum
591 2067 694 2132 Deum
712 2068 842 2133 Patrem
860 2068 1066 2133 fabricantes:
1089 2075 1123 2132 et
1143 2067 1215 2132 ideo

61 2170 181 2235 Paulus
201 2171 365 2235 clamavit:
400 2171 541 2234 Solantia
562 2171 662 2253 inflat,
685 2172 802 2235 caritas
828 2180 928 2235 autem
950 2170 1103 2253 aedificat:
1140 2170 1214 2235 Non
1228 2185 1292 2223 ¹00¹·
1302 2184 1344 2222 vm·
1355 2185 1373 2226 ¹·

60 2274 254 2360 quieveram
273 2274 434 2338 scientiam
456 2274 496 2337 de
514 2273 585 2338 Deo
600 2273 749 2358 culparet,
771 2273 908 2360 alioquin
929 2274 1065 2359 seipsum
1080 2273 1214 2359 primum

59 2384 236 2450 accusaret,
267 2377 322 2441 sed
349 2378 423 2461 quia
451 2377 574 2440 sciebat
603 2376 754 2462 quosdam
782 2376 840 2440 sub
867 2375 1045 2439 ¹occasione
1073 2375 1214 2440 scientiar

59 2481 159 2545 elatos
174 2481 317 2545 excidere
337 2502 357 2544 a
377 2479 543 2544 dilectione
570 2480 643 2557 Dei,
667 2488 700 2544 et
718 2481 758 2543 ob
780 2479 840 2543 hoc
861 2477 981 2563 opinari
1003 2478 1124 2564 seipsos
1145 2500 1214 2543 esse

60 2586 224 2671 perlectos,
244 2585 459 2671 imperfectum
478 2593 585 2649 autem
603 2584 809 2670 Demiurgum
830 2583 1072 2660 introducentes,
1095 2583 1214 2647 ²absci-

60 2688 138 2752 dens
159 2709 266 2752 eorum
288 2687 328 2750 ob
354 2686 532 2771 hujusmodi
558 2686 720 2750 scientiam
747 2684 955 2771 supercilium,
981 2685 1043 2749 ait:
1076 2685 1217 2749 Solantia

60 2791 162 2873 inflat,
184 2790 301 2853 coritas
321 2797 424 2853 cotan
447 2788 591 2870 (edificat.
650 2789 757 2875 Major
777 2796 884 2853 nutem
907 2787 967 2852 hac
992 2808 1055 2852 non
1078 2794 1128 2851 est
1153 2787 1215 2852 alia

61 2892 190 2970 inflatio,
206 2913 300 2978 quam
314 2899 350 2955 nt
364 2891 508 2976 opinetur
529 2892 598 2977 quis
619 2913 654 2955 se
675 2891 836 2956 meliorem
857 2899 890 2956 et
909 2891 1124 2977 perfectiorem
1146 2911 1215 2955 esse

62 3017 101 3060 eo
124 2993 177 3081 qui
197 2993 314 3071 lecerit,
334 3001 367 3058 et
382 2993 591 3079 plasmaverit,
616 3001 648 3057 et
670 2993 827 3078 spiramen
850 2993 923 3056 vitae
946 2993 1075 3068 dederit,
1099 3000 1132 3056 et
1154 2991 1214 3056 hoc

62 3097 164 3184 ipsum
190 3117 249 3161 esse
272 3095 461 3181 praestiterit.
508 3093 625 3158 Melius
646 3093 752 3179 itaque
774 3103 833 3172 est,
857 3094 950 3158 sicuti
976 3093 1115 3179 praedixi,
1138 3093 1215 3156 nihil

62 3201 189 3266 omnino
210 3199 358 3264 scientem
381 3197 579 3284 quempiam,
590 3219 631 3262 ne
652 3197 778 3282 quidem
795 3217 890 3260 unam
909 3217 1036 3261 causam
1050 3194 1215 3281 cujuslibet

63 3325 171 3368 eorum
187 3323 256 3388 quoe
276 3302 361 3365 lacta
379 3308 453 3364 sunt
468 3300 654 3365 contactum
669 3298 722 3376 sit,
737 3299 863 3364 credere
878 3298 958 3375 Deo,
974 3305 1006 3362 et
1020 3318 1215 3382 perseverare

63 3427 118 3470 eos
133 3405 165 3467 in
180 3403 355 3480 dilectione,
370 3406 447 3466 ³aut
461 3424 517 3488 per
531 3401 708 3488 hujusmodi
726 3400 890 3466 scientiam
904 3400 1028 3463 inflatos
1039 3398 1182 3464 excidere
1196 3421 1216 3463 a

64 3507 237 3583 dilectione,
262 3529 331 3592 qum
354 3505 511 3569 hominem
523 3505 677 3570 vivificat:
701 3526 760 3569 nec
778 3504 863 3569 aliud
882 3503 1035 3590 inquirere
1056 3503 1098 3567 ad
1117 3502 1216 3567 scien-

64 3611 151 3686 tiam,
174 3609 234 3674 nisi
257 3609 369 3674 Jesurn
389 3607 547 3672 Christum
568 3607 683 3672 Filium
699 3608 771 3685 Dei,
794 3608 847 3692 qni
864 3630 920 3694 pro
942 3606 1031 3671 uobis
1048 3605 1216 3670 crucifixus

64 3723 123 3793 est,
139 3718 209 3777 ⁴aut
224 3735 279 3798 per
292 3711 498 3799 quaestionum
513 3711 702 3777 subtilitates
716 3719 749 3776 et
764 3710 1013 3796 minutiloquium
1029 3708 1062 3772 in
1075 3707 1217 3793 impieta·

63 3827 129 3881 tem
144 3817 263 3882 eadere.

112 4012 389 4072 wiremuderan
405 4013 532 4075 προφάσει.
568 4016 617 4063 Gn.
667 4011 710 4062 the
721 4011 824 4077 reading
834 4009 974 4073 rdmficcnli.
1007 4010 1032 4060 It
1042 4011 1063 4060 is
1075 4018 1120 4060 not
1131 4011 1219 4075 impro-

113 4096 124 4128 ⁸
142 4099 291 4158 περικόπτων
302 4099 389 4145 αὐτῶν.
397 4133 402 4146 .
409 4099 477 4146 ..τὸν
487 4100 570 4159 τύφου,
667 4095 738 4144 bable
749 4096 805 4145 that
811 4093 944 4157 ainficuntc
949 4109 999 4143 was
1007 4094 1105 4143 written
1113 4108 1129 4141 α
1134 4093 1220 4155 prima

112 4178 198 4228 ‘Octo
219 4177 264 4225 λου
285 4193 348 4227 corea
369 4179 397 4225 r'n
419 4178 529 4228 ornnr'dae
549 4179 616 4228 editt.
667 4193 751 4238 manu,
776 4179 802 4226 in
824 4182 967 4242 agreement
991 4176 1052 4224 with
1077 4173 1221 4228 dilectione:

64 4260 165 4310 orariam
178 4259 461 4310 accumulandus
478 4260 540 4309 γοα.
552 4260 617 4310 reati·
667 4261 717 4310 aud
728 4262 784 4310 that
794 4261 837 4309 the
848 4260 950 4308 relative
961 4271 1012 4321 ουα
1022 4272 1091 4305 arose
1101 4257 1166 4304 from
1177 4256 1221 4304 the

65 4344 109 4392 tui.
146 4341 269 4391 Deduirret
282 4350 361 4391 outcm
372 4342 493 4404 Irrterprea
509 4342 552 4391 loc
568 4343 618 4391 loco
666 4354 739 4401 quum
750 4338 828 4386 found
839 4338 865 4386 in
878 4338 921 4386 the
936 4336 1012 4384 latter
1022 4333 1090 4393 MS,
1107 4335 1151 4383 the
1165 4338 1221 4383 text

65 4427 140 4484 ἧμαι
156 4429 209 4483 snt,
229 4423 270 4473 red
287 4431 477 4487 quamverum.
512 4424 616 4473 Garun.
666 4422 760 4484 having
781 4418 892 4468 received
918 4418 940 4466 it
960 4417 1025 4465 from
1046 4416 1090 4465 the
1111 4416 1217 4480 mergin,

65 4505 117 4553 The
129 4503 210 4552 words
221 4520 262 4552 are
273 4504 332 4552 read
345 4504 370 4552 in
382 4505 424 4552 the
442 4505 542 4554 Curru.
557 4504 614 4554 MS.
667 4503 747 4550 where
759 4502 779 4549 it
790 4499 897 4549 referred
907 4504 934 4548 to
946 4503 996 4547 aul.

65 4586 145 4635 which
152 4586 205 4635 also
210 4601 296 4650 agrees
307 4586 368 4635 with
378 4586 421 4635 the
431 4585 511 4635 Voss.
520 4585 577 4635 MS.
591 4586 616 4633 in
713 4584 725 4615 ⁴
742 4583 765 4645 ri,
778 4583 830 4632 still
840 4580 980 4645 dependent
987 4594 1021 4628 on
1031 4576 1118 4629 arelius
1127 4584 1169 4629 α.
1347 4646 1388 4691 Δ
