<?xml version="1.0" encoding="UTF-8"?>
<!DOCTYPE html PUBLIC "-//W3C//DTD XHTML 1.0 Transitional//EN"
    "http://www.w3.org/TR/xhtml1/DTD/xhtml1-transitional.dtd">
<html xmlns="http://www.w3.org/1999/xhtml" xml:lang="en" lang="en">
 <head>
  <title>
</title>
<meta http-equiv="Content-Type" content="text/html;charset=utf-8" />
  <meta name='ocr-system' content='tesseract 3.04.00' />
  <meta name='ocr-capabilities' content='ocr_page ocr_carea ocr_par ocr_line ocrx_word'/>
</head>
<body>
  <div class='ocr_page' id='page_1' title='image "./sanctiirenaeiep01harvgoog_0245.png"; bbox 0 0 2954 4986; ppageno 0'>
   <div class='ocr_carea' id='block_1_1' title="bbox 245 340 947 416">
    <p class='ocr_par' dir='ltr' id='par_1_1' title="bbox 245 340 947 416">
     <span class='ocr_line' id='line_1_1' title="bbox 245 340 947 416; baseline -0.009 0"><span class='ocrx_word' id='word_1_1' title='bbox 245 340 295 416; x_wconf 81' lang='grc'>86</span> <span class='ocrx_word' id='word_1_2' title='bbox 703 357 947 414; x_wconf 75' lang='lat' dir='ltr'>marmanum</span> 
     </span>
    </p>
   </div>
   <div class='ocr_carea' id='block_1_2' title="bbox 83 514 1405 1181">
    <p class='ocr_par' dir='ltr' id='par_1_2' title="bbox 94 514 1402 625">
     <span class='ocr_line' id='line_1_2' title="bbox 94 514 1402 625; baseline -0.007 -30"><span class='ocrx_word' id='word_1_3' title='bbox 94 533 223 625; x_wconf 47' lang='grc' dir='ltr'>ῐόῑὲῖςξῆς</span> <span class='ocrx_word' id='word_1_4' title='bbox 246 527 310 596; x_wconf 78' lang='grc' dir='ltr'>τοῦ</span> <span class='ocrx_word' id='word_1_5' title='bbox 328 521 456 606; x_wconf 89' lang='grc' dir='ltr'>κόσμου</span> <span class='ocrx_word' id='word_1_6' title='bbox 473 531 640 618; x_wconf 88' lang='grc' dir='ltr'>στοιχεῖα.</span> <span class='ocrx_word' id='word_1_7' title='bbox 672 518 771 592; x_wconf 85' lang='grc' dir='ltr'>Ποτέ</span> <span class='ocrx_word' id='word_1_8' title='bbox 792 517 940 619; x_wconf 78' lang='grc' dir='ltr'>μὲνγὰρ</span> <span class='ocrx_word' id='word_1_9' title='bbox 962 519 1072 590; x_wconf 80' lang='grc' dir='ltr'>ἔκλαιε</span> <span class='ocrx_word' id='word_1_10' title='bbox 1092 514 1146 589; x_wconf 80' lang='grc' dir='ltr'>καῖ</span> <span class='ocrx_word' id='word_1_11' title='bbox 1166 516 1334 600; x_wconf 76' lang='grc' dir='ltr'>ἐλυπεῖτο,</span> <span class='ocrx_word' id='word_1_12' title='bbox 1361 517 1402 594; x_wconf 81' lang='grc' dir='ltr'>ὡς</span> 
     </span>
    </p>

    <p class='ocr_par' dir='ltr' id='par_1_3' title="bbox 83 627 1405 732">
     <span class='ocr_line' id='line_1_3' title="bbox 83 627 1405 732; baseline -0.007 -25"><span class='ocrx_word' id='word_1_13' title='bbox 83 627 397 728; x_wconf 55' lang='grc' dir='ltr'>Ἢλέγονσι,</span> <span class='ocrx_word' id='word_1_14' title='bbox 418 631 471 705; x_wconf 80' lang='grc' dir='ltr'>διὰ</span> <span class='ocrx_word' id='word_1_15' title='bbox 499 636 543 705; x_wconf 83' lang='grc' dir='ltr'>τό</span> <span class='ocrx_word' id='word_1_16' title='bbox 566 633 832 732; x_wconf 78' lang='grc' dir='ltr'>καταλελεῖφθαι</span> <span class='ocrx_word' id='word_1_17' title='bbox 865 633 965 715; x_wconf 89' lang='grc' dir='ltr'>μόνην</span> <span class='ocrx_word' id='word_1_18' title='bbox 996 633 1029 701; x_wconf 84' lang='grc' dir='ltr'>ἐν</span> <span class='ocrx_word' id='word_1_19' title='bbox 1055 636 1109 720; x_wconf 76' lang='grc' dir='ltr'>τῷ</span> <span class='ocrx_word' id='word_1_20' title='bbox 1127 629 1240 700; x_wconf 81' lang='grc' dir='ltr'>σκότει</span> <span class='ocrx_word' id='word_1_21' title='bbox 1267 629 1322 699; x_wconf 80' lang='grc' dir='ltr'>καί</span> <span class='ocrx_word' id='word_1_22' title='bbox 1351 636 1405 719; x_wconf 77' lang='grc' dir='ltr'>τῷ</span> 
     </span>
    </p>

    <p class='ocr_par' dir='ltr' id='par_1_4' title="bbox 247 741 1402 829">
     <span class='ocr_line' id='line_1_4' title="bbox 247 741 1402 829; baseline -0.005 -12"><span class='ocrx_word' id='word_1_23' title='bbox 247 749 418 829; x_wconf 83' lang='grc' dir='ltr'>κενάματι·</span> <span class='ocrx_word' id='word_1_24' title='bbox 445 744 533 818; x_wconf 84' lang='grc' dir='ltr'>ποτέ</span> <span class='ocrx_word' id='word_1_25' title='bbox 556 743 591 815; x_wconf 81' lang='grc' dir='ltr'>δὲ</span> <span class='ocrx_word' id='word_1_26' title='bbox 611 748 653 821; x_wconf 86' lang='grc' dir='ltr'>είς</span> <span class='ocrx_word' id='word_1_27' title='bbox 679 746 801 815; x_wconf 83' lang='grc' dir='ltr'>ἔννοιαν</span> <span class='ocrx_word' id='word_1_28' title='bbox 818 741 939 827; x_wconf 76' lang='grc' dir='ltr'>ἥκουσα</span> <span class='ocrx_word' id='word_1_29' title='bbox 957 752 1020 815; x_wconf 82' lang='grc' dir='ltr'>τοῦ</span> <span class='ocrx_word' id='word_1_30' title='bbox 1034 743 1284 818; x_wconf 84' lang='grc' dir='ltr'>καταλιπόντος</span> <span class='ocrx_word' id='word_1_31' title='bbox 1302 741 1402 824; x_wconf 62' lang='lat' dir='ltr'>alell</span> 
     </span>
    </p>

    <p class='ocr_par' dir='ltr' id='par_1_5' title="bbox 247 853 1400 1070">
     <span class='ocr_line' id='line_1_5' title="bbox 248 853 1400 958; baseline -0.004 -28"><span class='ocrx_word' id='word_1_32' title='bbox 248 857 372 958; x_wconf 82' lang='grc' dir='ltr'>φωτὸς,</span> <span class='ocrx_word' id='word_1_33' title='bbox 407 856 551 954; x_wconf 84' lang='grc' dir='ltr'>διεχεῖτο</span> <span class='ocrx_word' id='word_1_34' title='bbox 582 857 635 927; x_wconf 81' lang='grc' dir='ltr'>καί</span> <span class='ocrx_word' id='word_1_35' title='bbox 672 858 786 949; x_wconf 87' lang='grc' dir='ltr'>ἐγέλα·</span> <span class='ocrx_word' id='word_1_36' title='bbox 828 855 915 929; x_wconf 86' lang='grc' dir='ltr'>ποτέ</span> <span class='ocrx_word' id='word_1_37' title='bbox 952 854 978 926; x_wconf 81' lang='grc' dir='ltr'>δ</span> <span class='ocrx_word' id='word_1_38' title='bbox 1010 854 1049 927; x_wconf 75' lang='grc' dir='ltr'>αὖ</span> <span class='ocrx_word' id='word_1_39' title='bbox 1080 853 1184 926; x_wconf 87' lang='grc' dir='ltr'>πάλιν</span> <span class='ocrx_word' id='word_1_40' title='bbox 1220 855 1400 954; x_wconf 81' lang='grc' dir='ltr'>ἐφοβεῖτο·</span> 
     </span>
     <span class='ocr_line' id='line_1_6' title="bbox 247 967 871 1070; baseline -0.006 -28"><span class='ocrx_word' id='word_1_41' title='bbox 247 969 379 1042; x_wconf 83' lang='grc' dir='ltr'>άλλοτε</span> <span class='ocrx_word' id='word_1_42' title='bbox 398 968 432 1040; x_wconf 84' lang='grc' dir='ltr'>δέ</span> <span class='ocrx_word' id='word_1_43' title='bbox 451 969 606 1070; x_wconf 75' lang='grc' dir='ltr'>διηπόρει,</span> <span class='ocrx_word' id='word_1_44' title='bbox 626 969 679 1039; x_wconf 83' lang='grc' dir='ltr'>καῖ</span> <span class='ocrx_word' id='word_1_45' title='bbox 698 967 871 1064; x_wconf 80' lang='grc' dir='ltr'>ἐξίστατο.</span> 
     </span>
    </p>

    <p class='ocr_par' dir='ltr' id='par_1_6' title="bbox 325 1075 1400 1181">
     <span class='ocr_line' id='line_1_7' title="bbox 325 1075 1400 1181; baseline -0.006 -29"><span class='ocrx_word' id='word_1_46' title='bbox 325 1085 358 1152; x_wconf 87' lang='grc'>8.</span> <span class='ocrx_word' id='word_1_47' title='bbox 407 1082 478 1153; x_wconf 80' lang='lat' dir='ltr'>Kal</span> <span class='ocrx_word' id='word_1_48' title='bbox 500 1083 537 1154; x_wconf 87' lang='grc' dir='ltr'>τί</span> <span class='ocrx_word' id='word_1_49' title='bbox 559 1084 647 1181; x_wconf 89' lang='grc' dir='ltr'>γάρ;</span> <span class='ocrx_word' id='word_1_50' title='bbox 673 1079 844 1181; x_wconf 75' lang='grc' dir='ltr'>τραγῳδία</span> <span class='ocrx_word' id='word_1_51' title='bbox 868 1080 981 1163; x_wconf 70' lang='grc' dir='ltr'>πολλὴ</span> <span class='ocrx_word' id='word_1_52' title='bbox 1005 1079 1127 1151; x_wconf 81' lang='grc' dir='ltr'>λοιπὸν</span> <span class='ocrx_word' id='word_1_53' title='bbox 1146 1078 1183 1163; x_wconf 69' lang='grc' dir='ltr'>ἦν</span> <span class='ocrx_word' id='word_1_54' title='bbox 1205 1075 1326 1161; x_wconf 86' lang='grc' dir='ltr'>ἐνθάδε,</span> <span class='ocrx_word' id='word_1_55' title='bbox 1347 1076 1400 1147; x_wconf 80' lang='grc' dir='ltr'>καί</span> 
     </span>
    </p>
   </div>
   <div class='ocr_carea' id='block_1_3' title="bbox 246 1190 1402 2528">
    <p class='ocr_par' dir='ltr' id='par_1_7' title="bbox 246 1190 1402 2528">
     <span class='ocr_line' id='line_1_8' title="bbox 249 1190 1401 1295; baseline -0.006 -29"><span class='ocrx_word' id='word_1_56' title='bbox 249 1194 424 1295; x_wconf 79' lang='grc' dir='ltr'>φαντασία</span> <span class='ocrx_word' id='word_1_57' title='bbox 451 1193 518 1271; x_wconf 79' lang='grc' dir='ltr'>ἑνὸς</span> <span class='ocrx_word' id='word_1_58' title='bbox 545 1191 688 1266; x_wconf 79' lang='grc' dir='ltr'>ἑκάστου</span> <span class='ocrx_word' id='word_1_59' title='bbox 716 1196 829 1278; x_wconf 81' lang='grc' dir='ltr'>αὖτῶν,</span> <span class='ocrx_word' id='word_1_60' title='bbox 864 1190 973 1270; x_wconf 81' lang='grc' dir='ltr'>άλλως</span> <span class='ocrx_word' id='word_1_61' title='bbox 1001 1193 1054 1263; x_wconf 80' lang='grc' dir='ltr'>καί</span> <span class='ocrx_word' id='word_1_62' title='bbox 1086 1191 1195 1268; x_wconf 80' lang='grc' dir='ltr'>ἄλλως</span> <span class='ocrx_word' id='word_1_63' title='bbox 1224 1192 1401 1288; x_wconf 71' lang='grc' dir='ltr'>ισοβαρῶς</span> 
     </span>
     <span class='ocr_line' id='line_1_9' title="bbox 247 1303 1400 1402; baseline -0.005 -24"><span class='ocrx_word' id='word_1_64' title='bbox 247 1305 494 1400; x_wconf 83' lang='grc' dir='ltr'>ἐκδιηγουμένου</span> <span class='ocrx_word' id='word_1_65' title='bbox 512 1308 546 1377; x_wconf 85' lang='grc' dir='ltr'>ἐκ</span> <span class='ocrx_word' id='word_1_66' title='bbox 564 1312 724 1378; x_wconf 83' lang='grc' dir='ltr'>τοταποῦ</span> <span class='ocrx_word' id='word_1_67' title='bbox 741 1303 873 1390; x_wconf 88' lang='grc' dir='ltr'>πάθους,</span> <span class='ocrx_word' id='word_1_68' title='bbox 887 1306 921 1375; x_wconf 88' lang='grc' dir='ltr'>ἐκ</span> <span class='ocrx_word' id='word_1_69' title='bbox 940 1303 1038 1375; x_wconf 88' lang='grc' dir='ltr'>τοίου</span> <span class='ocrx_word' id='word_1_70' title='bbox 1056 1305 1228 1402; x_wconf 81' lang='grc' dir='ltr'>στοιχείου</span> <span class='ocrx_word' id='word_1_71' title='bbox 1247 1307 1283 1385; x_wconf 62' lang='grc' dir='ltr'>2ἡ</span> <span class='ocrx_word' id='word_1_72' title='bbox 1304 1303 1400 1373; x_wconf 79' lang='grc' dir='ltr'>οὐσία</span> 
     </span>
     <span class='ocr_line' id='line_1_10' title="bbox 248 1414 1401 1518; baseline -0.004 -28"><span class='ocrx_word' id='word_1_73' title='bbox 248 1419 309 1502; x_wconf 77' lang='grc' dir='ltr'>την</span> <span class='ocrx_word' id='word_1_74' title='bbox 333 1420 461 1510; x_wconf 87' lang='grc' dir='ltr'>γένεσιν</span> <span class='ocrx_word' id='word_1_75' title='bbox 479 1418 625 1518; x_wconf 86' lang='grc' dir='ltr'>είληφεν·</span> <span class='ocrx_word' id='word_1_76' title='bbox 653 1417 747 1489; x_wconf 73' lang='lat' dir='ltr'>(irai</span> <span class='ocrx_word' id='word_1_77' title='bbox 769 1419 899 1495; x_wconf 76' lang='grc' dir='ltr'>εἰκότως</span> <span class='ocrx_word' id='word_1_78' title='bbox 924 1415 1059 1488; x_wconf 80' lang='grc' dir='ltr'>δοκοῦσί</span> <span class='ocrx_word' id='word_1_79' title='bbox 1084 1448 1141 1498; x_wconf 89' lang='grc' dir='ltr'>μοι</span> <span class='ocrx_word' id='word_1_80' title='bbox 1170 1417 1215 1500; x_wconf 76' lang='grc' dir='ltr'>μη</span> <span class='ocrx_word' id='word_1_81' title='bbox 1245 1414 1401 1491; x_wconf 79' lang='grc' dir='ltr'>ἅπαντας</span> 
     </span>
     <span class='ocr_line' id='line_1_11' title="bbox 248 1525 1400 1631; baseline -0.003 -29"><span class='ocrx_word' id='word_1_82' title='bbox 248 1532 355 1603; x_wconf 69' lang='grc' dir='ltr'>θέλειν</span> <span class='ocrx_word' id='word_1_83' title='bbox 377 1533 410 1602; x_wconf 88' lang='grc' dir='ltr'>ἐν</span> <span class='ocrx_word' id='word_1_84' title='bbox 437 1537 573 1631; x_wconf 75' lang='grc' dir='ltr'>φανερῷ</span> <span class='ocrx_word' id='word_1_85' title='bbox 596 1529 765 1615; x_wconf 88' lang='grc' dir='ltr'>διδάσκειν,</span> <span class='ocrx_word' id='word_1_86' title='bbox 793 1531 870 1602; x_wconf 77' lang='grc' dir='ltr'>ἀλλ’</span> <span class='ocrx_word' id='word_1_87' title='bbox 900 1525 919 1612; x_wconf 75' lang='grc' dir='ltr'><strong><em>ἦ</em></strong></span> <span class='ocrx_word' id='word_1_88' title='bbox 943 1531 1059 1613; x_wconf 79' lang='grc' dir='ltr'>μόνους</span> <span class='ocrx_word' id='word_1_89' title='bbox 1085 1529 1217 1605; x_wconf 75' lang='grc' dir='ltr'>ἐκείνους</span> <span class='ocrx_word' id='word_1_90' title='bbox 1246 1529 1324 1605; x_wconf 81' lang='grc' dir='ltr'>τοὺς</span> <span class='ocrx_word' id='word_1_91' title='bbox 1347 1526 1400 1597; x_wconf 76' lang='grc' dir='ltr'>καὶ</span> 
     </span>
     <span class='ocr_line' id='line_1_12' title="bbox 247 1639 1400 1743; baseline -0.004 -29"><span class='ocrx_word' id='word_1_92' title='bbox 247 1641 415 1736; x_wconf 75' lang='grc' dir='ltr'>μεγάλους</span> <span class='ocrx_word' id='word_1_93' title='bbox 445 1644 583 1727; x_wconf 76' lang='grc' dir='ltr'>μισθοὺς</span> <span class='ocrx_word' id='word_1_94' title='bbox 608 1642 690 1743; x_wconf 78' lang='grc' dir='ltr'>ὑπὲρ</span> <span class='ocrx_word' id='word_1_95' title='bbox 723 1646 926 1726; x_wconf 78' lang='grc' dir='ltr'>τηλικούτων</span> <span class='ocrx_word' id='word_1_96' title='bbox 949 1643 1137 1740; x_wconf 84' lang='grc' dir='ltr'>μυστηρίων</span> <span class='ocrx_word' id='word_1_97' title='bbox 1168 1649 1278 1714; x_wconf 89' lang='grc' dir='ltr'>τελεῖν</span> <span class='ocrx_word' id='word_1_98' title='bbox 1308 1639 1400 1710; x_wconf 88' lang='grc' dir='ltr'>δυνα-</span> 
     </span>
     <span class='ocr_line' id='line_1_13' title="bbox 248 1752 1400 1855; baseline -0.003 -28"><span class='ocrx_word' id='word_1_99' title='bbox 248 1756 370 1842; x_wconf 67' lang='lat' dir='ltr'>aliove.</span> <span class='ocrx_word' id='word_1_100' title='bbox 405 1756 526 1828; x_wconf 78' lang='grc' dir='ltr'>Οὕκέτι</span> <span class='ocrx_word' id='word_1_101' title='bbox 554 1753 622 1855; x_wconf 79' lang='grc' dir='ltr'>γάρ</span> <span class='ocrx_word' id='word_1_102' title='bbox 645 1761 754 1828; x_wconf 79' lang='grc' dir='ltr'>ταῦτα</span> <span class='ocrx_word' id='word_1_103' title='bbox 775 1753 875 1840; x_wconf 83' lang='grc' dir='ltr'>ὅμοια</span> <span class='ocrx_word' id='word_1_104' title='bbox 897 1755 1033 1839; x_wconf 84' lang='grc' dir='ltr'>ἐκείνοις,</span> <span class='ocrx_word' id='word_1_105' title='bbox 1056 1754 1132 1853; x_wconf 72' lang='grc' dir='ltr'>περὶ</span> <span class='ocrx_word' id='word_1_106' title='bbox 1158 1756 1200 1826; x_wconf 70' lang='lat' dir='ltr'>niv</span> <span class='ocrx_word' id='word_1_107' title='bbox 1225 1755 1244 1824; x_wconf 87' lang='grc' dir='ltr'><strong><em>ὁ</em></strong></span> <span class='ocrx_word' id='word_1_108' title='bbox 1275 1752 1400 1852; x_wconf 80' lang='grc' dir='ltr'>Κύριος</span> 
     </span>
     <span class='ocr_line' id='line_1_14' title="bbox 249 1863 1400 1967; baseline -0.002 -30"><span class='ocrx_word' id='word_1_109' title='bbox 249 1870 337 1952; x_wconf 74' lang='grc' dir='ltr'>ἡμῶν</span> <span class='ocrx_word' id='word_1_110' title='bbox 371 1867 483 1967; x_wconf 85' lang='grc' dir='ltr'>ε’ίρηκε,</span> <span class='ocrx_word' id='word_1_111' title='bbox 524 1867 645 1967; x_wconf 82' lang='grc' dir='ltr'>δωρεὰν</span> <span class='ocrx_word' id='word_1_112' title='bbox 678 1864 830 1955; x_wconf 77' lang='grc' dir='ltr'>ἐλάβετε,</span> <span class='ocrx_word' id='word_1_113' title='bbox 869 1864 989 1965; x_wconf 80' lang='grc' dir='ltr'>δωρεάν</span> <span class='ocrx_word' id='word_1_114' title='bbox 1028 1865 1116 1939; x_wconf 86' lang='grc' dir='ltr'>δότε·</span> <span class='ocrx_word' id='word_1_115' title='bbox 1159 1863 1251 1937; x_wconf 76' lang='grc' dir='ltr'>ἀλλὰ</span> <span class='ocrx_word' id='word_1_116' title='bbox 1287 1866 1400 1936; x_wconf 80' lang='grc' dir='ltr'>ἀνακε-</span> 
     </span>
     <span class='ocr_line' id='line_1_15' title="bbox 248 1975 1402 2079; baseline -0.003 -30"><span class='ocrx_word' id='word_1_117' title='bbox 248 1980 434 2078; x_wconf 86' lang='grc' dir='ltr'>χωρηκότα,</span> <span class='ocrx_word' id='word_1_118' title='bbox 461 1978 513 2050; x_wconf 81' lang='grc' dir='ltr'>καί</span> <span class='ocrx_word' id='word_1_119' title='bbox 539 1978 710 2079; x_wconf 79' lang='grc' dir='ltr'>τερατώδη</span> <span class='ocrx_word' id='word_1_120' title='bbox 738 1980 792 2050; x_wconf 84' lang='grc' dir='ltr'>καῖ</span> <span class='ocrx_word' id='word_1_121' title='bbox 817 1980 927 2068; x_wconf 78' lang='grc' dir='ltr'>βαθέα</span> <span class='ocrx_word' id='word_1_122' title='bbox 956 1983 1122 2078; x_wconf 76' lang='grc' dir='ltr'>μυστήρια</span> <span class='ocrx_word' id='word_1_123' title='bbox 1147 1975 1234 2062; x_wconf 82' lang='grc' dir='ltr'>μετά</span> <span class='ocrx_word' id='word_1_124' title='bbox 1264 1983 1402 2050; x_wconf 83' lang='grc' dir='ltr'>πολλοῦ</span> 
     </span>
     <span class='ocr_line' id='line_1_16' title="bbox 247 2088 1400 2192; baseline -0.003 -30"><span class='ocrx_word' id='word_1_125' title='bbox 247 2088 397 2175; x_wconf 81' lang='grc' dir='ltr'>καμάτου</span> <span class='ocrx_word' id='word_1_126' title='bbox 427 2094 658 2191; x_wconf 81' lang='grc' dir='ltr'>περιγινόμενα</span> <span class='ocrx_word' id='word_1_127' title='bbox 689 2102 762 2169; x_wconf 85' lang='grc' dir='ltr'>τοῖς</span> <span class='ocrx_word' id='word_1_128' title='bbox 799 2089 1037 2192; x_wconf 65' lang='grc' dir='ltr'>φιλοφενδέσι.</span> <span class='ocrx_word' id='word_1_129' title='bbox 1081 2091 1143 2168; x_wconf 87' lang='grc' dir='ltr'>Τίς</span> <span class='ocrx_word' id='word_1_130' title='bbox 1174 2089 1243 2190; x_wconf 83' lang='grc' dir='ltr'>γὰρ</span> <span class='ocrx_word' id='word_1_131' title='bbox 1276 2093 1333 2162; x_wconf 78' lang='grc' dir='ltr'>οὐκ</span> <span class='ocrx_word' id='word_1_132' title='bbox 1360 2089 1400 2160; x_wconf 85' lang='grc' dir='ltr'>άν</span> 
     </span>
     <span class='ocr_line' id='line_1_17' title="bbox 248 2200 1400 2303; baseline -0.002 -29"><span class='ocrx_word' id='word_1_133' title='bbox 248 2200 482 2287; x_wconf 81' lang='grc' dir='ltr'>ἐκδαπανῆσειε</span> <span class='ocrx_word' id='word_1_134' title='bbox 498 2201 610 2277; x_wconf 88' lang='grc' dir='ltr'>πάντα</span> <span class='ocrx_word' id='word_1_135' title='bbox 632 2200 677 2277; x_wconf 82' lang='grc' dir='ltr'>τά</span> <span class='ocrx_word' id='word_1_136' title='bbox 699 2201 898 2303; x_wconf 79' lang='grc' dir='ltr'>ὑπάρχοντα</span> <span class='ocrx_word' id='word_1_137' title='bbox 920 2206 1030 2288; x_wconf 81' lang='grc' dir='ltr'>αὖτοῦ,</span> <span class='ocrx_word' id='word_1_138' title='bbox 1052 2205 1106 2275; x_wconf 85' lang='grc' dir='ltr'>ίνα</span> <span class='ocrx_word' id='word_1_139' title='bbox 1127 2201 1225 2298; x_wconf 85' lang='grc' dir='ltr'>μάθη,</span> <span class='ocrx_word' id='word_1_140' title='bbox 1251 2204 1305 2274; x_wconf 86' lang='grc' dir='ltr'>ὅτι</span> <span class='ocrx_word' id='word_1_141' title='bbox 1330 2201 1400 2273; x_wconf 80' lang='grc' dir='ltr'>ἀπὸ</span> 
     </span>
     <span class='ocr_line' id='line_1_18' title="bbox 246 2313 1400 2415; baseline -0.002 -27"><span class='ocrx_word' id='word_1_142' title='bbox 246 2319 313 2388; x_wconf 76' lang='grc' dir='ltr'>τῶν</span> <span class='ocrx_word' id='word_1_143' title='bbox 333 2313 474 2415; x_wconf 82' lang='grc' dir='ltr'>δακρύων</span> <span class='ocrx_word' id='word_1_144' title='bbox 492 2320 551 2400; x_wconf 77' lang='grc' dir='ltr'>τῆς</span> <span class='ocrx_word' id='word_1_145' title='bbox 568 2316 792 2401; x_wconf 76' lang='grc' dir='ltr'>Ἐνθυμῆσεως</span> <span class='ocrx_word' id='word_1_146' title='bbox 810 2323 873 2389; x_wconf 81' lang='grc' dir='ltr'>τοῦ</span> <span class='ocrx_word' id='word_1_147' title='bbox 892 2317 1101 2393; x_wconf 86' lang='grc' dir='ltr'>πεπονθότος</span> <span class='ocrx_word' id='word_1_148' title='bbox 1114 2316 1250 2399; x_wconf 83' lang='grc' dir='ltr'>Αίῶνος,</span> <span class='ocrx_word' id='word_1_149' title='bbox 1269 2314 1400 2387; x_wconf 88' lang='grc' dir='ltr'>θάλασ-</span> 
     </span>
     <span class='ocr_line' id='line_1_19' title="bbox 247 2427 1399 2528; baseline -0.001 -30"><span class='ocrx_word' id='word_1_150' title='bbox 247 2458 318 2513; x_wconf 89' lang='grc' dir='ltr'>σαι,</span> <span class='ocrx_word' id='word_1_151' title='bbox 346 2427 399 2499; x_wconf 82' lang='grc' dir='ltr'>καῖ</span> <span class='ocrx_word' id='word_1_152' title='bbox 428 2429 543 2521; x_wconf 74' lang='grc' dir='ltr'>πηγαί,</span> <span class='ocrx_word' id='word_1_153' title='bbox 574 2430 627 2500; x_wconf 83' lang='grc' dir='ltr'>καῖ</span> <span class='ocrx_word' id='word_1_154' title='bbox 660 2430 820 2516; x_wconf 79' lang='grc' dir='ltr'>ποταμοί,</span> <span class='ocrx_word' id='word_1_155' title='bbox 844 2429 898 2500; x_wconf 79' lang='grc' dir='ltr'>καί</span> <span class='ocrx_word' id='word_1_156' title='bbox 929 2432 1023 2500; x_wconf 77' lang='grc' dir='ltr'>πᾶσα</span> <span class='ocrx_word' id='word_1_157' title='bbox 1054 2427 1182 2528; x_wconf 82' lang='grc' dir='ltr'>ἔνυδρος</span> <span class='ocrx_word' id='word_1_158' title='bbox 1210 2429 1308 2499; x_wconf 83' lang='grc' dir='ltr'>οὖσία</span> <span class='ocrx_word' id='word_1_159' title='bbox 1339 2429 1399 2512; x_wconf 73' lang='grc' dir='ltr'>τὴν</span> 
     </span>
    </p>
   </div>
   <div class='ocr_carea' id='block_1_4' title="bbox 240 2621 1399 4307">
    <p class='ocr_par' dir='ltr' id='par_1_8' title="bbox 244 2621 1399 3110">
     <span class='ocr_line' id='line_1_20' title="bbox 245 2621 1399 2712; baseline 0.001 -24"><span class='ocrx_word' id='word_1_160' title='bbox 245 2621 422 2708; x_wconf 87' lang='lat' dir='ltr'>corporalia</span> <span class='ocrx_word' id='word_1_161' title='bbox 434 2622 544 2688; x_wconf 91' lang='lat' dir='ltr'>mundi</span> <span class='ocrx_word' id='word_1_162' title='bbox 558 2624 723 2692; x_wconf 86' lang='lat' dir='ltr'>elementa.</span> <span class='ocrx_word' id='word_1_163' title='bbox 776 2625 957 2712; x_wconf 84' lang='lat' dir='ltr'><strong>Aliquando</strong></span> <span class='ocrx_word' id='word_1_164' title='bbox 976 2625 1060 2691; x_wconf 91' lang='lat' dir='ltr'>enim</span> <span class='ocrx_word' id='word_1_165' title='bbox 1080 2625 1229 2712; x_wconf 78' lang='lat' dir='ltr'>plorabat</span> <span class='ocrx_word' id='word_1_166' title='bbox 1245 2632 1280 2691; x_wconf 90' lang='lat' dir='ltr'>et</span> <span class='ocrx_word' id='word_1_167' title='bbox 1297 2625 1399 2691; x_wconf 88' lang='lat' dir='ltr'>tristis</span> 
     </span>
     <span class='ocr_line' id='line_1_21' title="bbox 245 2723 1398 2811; baseline 0.002 -26"><span class='ocrx_word' id='word_1_168' title='bbox 245 2727 327 2796; x_wconf 82' lang='lat' dir='ltr'>erat,</span> <span class='ocrx_word' id='word_1_169' title='bbox 343 2723 501 2806; x_wconf 91' lang='lat' dir='ltr'>quomodo</span> <span class='ocrx_word' id='word_1_170' title='bbox 516 2724 636 2800; x_wconf 86' lang='lat' dir='ltr'>dicunt,</span> <span class='ocrx_word' id='word_1_171' title='bbox 654 2727 739 2811; x_wconf 91' lang='lat' dir='ltr'>quod</span> <span class='ocrx_word' id='word_1_172' title='bbox 756 2726 908 2791; x_wconf 89' lang='lat' dir='ltr'>derelicta</span> <span class='ocrx_word' id='word_1_173' title='bbox 924 2726 991 2791; x_wconf 88' lang='lat' dir='ltr'>sola</span> <span class='ocrx_word' id='word_1_174' title='bbox 1009 2734 1093 2792; x_wconf 89' lang='lat' dir='ltr'>esset</span> <span class='ocrx_word' id='word_1_175' title='bbox 1109 2726 1142 2790; x_wconf 96' lang='lat' dir='ltr'>in</span> <span class='ocrx_word' id='word_1_176' title='bbox 1159 2725 1301 2791; x_wconf 88' lang='lat' dir='ltr'>tenebris</span> <span class='ocrx_word' id='word_1_177' title='bbox 1317 2725 1398 2790; x_wconf 92' lang='lat' dir='ltr'>etin</span> 
     </span>
     <span class='ocr_line' id='line_1_22' title="bbox 244 2821 1398 2912; baseline 0.003 -27"><span class='ocrx_word' id='word_1_178' title='bbox 244 2841 362 2886; x_wconf 85' lang='lat' dir='ltr'>vacuo:</span> <span class='ocrx_word' id='word_1_179' title='bbox 388 2821 558 2906; x_wconf 92' lang='lat' dir='ltr'>aliquando</span> <span class='ocrx_word' id='word_1_180' title='bbox 583 2831 691 2889; x_wconf 85' lang='lat' dir='ltr'>autem</span> <span class='ocrx_word' id='word_1_181' title='bbox 713 2825 746 2889; x_wconf 88' lang='lat' dir='ltr'>in</span> <span class='ocrx_word' id='word_1_182' title='bbox 763 2824 989 2912; x_wconf 74' lang='lat' dir='ltr'>cogitationem</span> <span class='ocrx_word' id='word_1_183' title='bbox 1006 2825 1132 2891; x_wconf 88' lang='lat' dir='ltr'>veniens</span> <span class='ocrx_word' id='word_1_184' title='bbox 1157 2826 1226 2911; x_wconf 89' lang='lat' dir='ltr'>ejus</span> <span class='ocrx_word' id='word_1_185' title='bbox 1242 2826 1328 2910; x_wconf 93' lang='lat' dir='ltr'>quod</span> <span class='ocrx_word' id='word_1_186' title='bbox 1345 2825 1398 2888; x_wconf 88' lang='lat' dir='ltr'>de-</span> 
     </span>
     <span class='ocr_line' id='line_1_23' title="bbox 244 2919 1398 3011; baseline 0.003 -27"><span class='ocrx_word' id='word_1_187' title='bbox 244 2919 418 3005; x_wconf 82' lang='lat' dir='ltr'>reliquerat</span> <span class='ocrx_word' id='word_1_188' title='bbox 431 2943 502 2986; x_wconf 91' lang='lat' dir='ltr'>eam</span> <span class='ocrx_word' id='word_1_189' title='bbox 513 2922 629 3000; x_wconf 85' lang='lat' dir='ltr'>lumen,</span> <span class='ocrx_word' id='word_1_190' title='bbox 649 2923 886 2990; x_wconf 81' lang='lat' dir='ltr'>diffundebatur</span> <span class='ocrx_word' id='word_1_191' title='bbox 898 2931 932 2990; x_wconf 90' lang='lat' dir='ltr'>et</span> <span class='ocrx_word' id='word_1_192' title='bbox 946 2924 1085 2991; x_wconf 81' lang='lat' dir='ltr'>ridebat:</span> <span class='ocrx_word' id='word_1_193' title='bbox 1103 2926 1273 3011; x_wconf 89' lang='lat' dir='ltr'>aliquando</span> <span class='ocrx_word' id='word_1_194' title='bbox 1289 2932 1398 2990; x_wconf 86' lang='lat' dir='ltr'>autem</span> 
     </span>
     <span class='ocr_line' id='line_1_24' title="bbox 244 3017 1396 3110; baseline 0.003 -26"><span class='ocrx_word' id='word_1_195' title='bbox 244 3038 353 3085; x_wconf 85' lang='lat' dir='ltr'>rursus</span> <span class='ocrx_word' id='word_1_196' title='bbox 364 3017 514 3087; x_wconf 88' lang='lat' dir='ltr'>timebat:</span> <span class='ocrx_word' id='word_1_197' title='bbox 532 3021 701 3109; x_wconf 86' lang='lat' dir='ltr'>aliquando</span> <span class='ocrx_word' id='word_1_198' title='bbox 712 3025 985 3102; x_wconf 81' lang='lat' dir='ltr'>consternabatur,</span> <span class='ocrx_word' id='word_1_199' title='bbox 1000 3032 1034 3090; x_wconf 90' lang='lat' dir='ltr'>et</span> <span class='ocrx_word' id='word_1_200' title='bbox 1051 3025 1186 3090; x_wconf 82' lang='lat' dir='ltr'>ecstasin</span> <span class='ocrx_word' id='word_1_201' title='bbox 1203 3023 1396 3110; x_wconf 88' lang='lat' dir='ltr'>patiebatur.</span> 
     </span>
    </p>

    <p class='ocr_par' dir='ltr' id='par_1_9' title="bbox 240 3120 1398 4307">
     <span class='ocr_line' id='line_1_25' title="bbox 322 3120 1398 3211; baseline 0.003 -25"><span class='ocrx_word' id='word_1_202' title='bbox 322 3125 352 3186; x_wconf 91' lang='lat'>8.</span> <span class='ocrx_word' id='word_1_203' title='bbox 406 3120 452 3186; x_wconf 87' lang='lat' dir='ltr'>Et</span> <span class='ocrx_word' id='word_1_204' title='bbox 469 3122 596 3207; x_wconf 91' lang='lat' dir='ltr'>quidem</span> <span class='ocrx_word' id='word_1_205' title='bbox 618 3124 702 3188; x_wconf 90' lang='lat' dir='ltr'>enim</span> <span class='ocrx_word' id='word_1_206' title='bbox 729 3121 871 3209; x_wconf 79' lang='lat' dir='ltr'>[Ecquid</span> <span class='ocrx_word' id='word_1_207' title='bbox 891 3123 1012 3211; x_wconf 77' lang='lat' dir='ltr'>enimi]</span> <span class='ocrx_word' id='word_1_208' title='bbox 1038 3124 1197 3211; x_wconf 80' lang='lat' dir='ltr'>tragoedia</span> <span class='ocrx_word' id='word_1_209' title='bbox 1223 3125 1326 3190; x_wconf 91' lang='lat' dir='ltr'>multa</span> <span class='ocrx_word' id='word_1_210' title='bbox 1349 3133 1398 3189; x_wconf 90' lang='lat' dir='ltr'>est</span> 
     </span>
     <span class='ocr_line' id='line_1_26' title="bbox 240 3216 1398 3310; baseline 0.003 -27"><span class='ocrx_word' id='word_1_211' title='bbox 240 3216 310 3305; x_wconf 86' lang='lat' dir='ltr'>jam</span> <span class='ocrx_word' id='word_1_212' title='bbox 342 3219 404 3296; x_wconf 91' lang='lat' dir='ltr'>hic,</span> <span class='ocrx_word' id='word_1_213' title='bbox 434 3229 468 3286; x_wconf 92' lang='lat' dir='ltr'>et</span> <span class='ocrx_word' id='word_1_214' title='bbox 493 3222 661 3306; x_wconf 88' lang='lat' dir='ltr'>phantasia</span> <span class='ocrx_word' id='word_1_215' title='bbox 687 3224 929 3310; x_wconf 83' lang='lat' dir='ltr'>uuiuscujusque</span> <span class='ocrx_word' id='word_1_216' title='bbox 952 3224 1086 3301; x_wconf 82' lang='lat' dir='ltr'>illorum,</span> <span class='ocrx_word' id='word_1_217' title='bbox 1117 3224 1211 3289; x_wconf 88' lang='lat' dir='ltr'>aliter</span> <span class='ocrx_word' id='word_1_218' title='bbox 1239 3231 1273 3290; x_wconf 90' lang='lat' dir='ltr'>et</span> <span class='ocrx_word' id='word_1_219' title='bbox 1305 3224 1398 3289; x_wconf 87' lang='lat' dir='ltr'>aliter</span> 
     </span>
     <span class='ocr_line' id='line_1_27' title="bbox 244 3317 1397 3410; baseline 0.008 -30"><span class='ocrx_word' id='word_1_220' title='bbox 244 3317 386 3403; x_wconf 89' lang='lat' dir='ltr'>graviter</span> <span class='ocrx_word' id='word_1_221' title='bbox 413 3320 608 3404; x_wconf 86' lang='lat' dir='ltr'>exponentis,</span> <span class='ocrx_word' id='word_1_222' title='bbox 634 3344 674 3386; x_wconf 84' lang='lat' dir='ltr'>ex</span> <span class='ocrx_word' id='word_1_223' title='bbox 702 3324 786 3408; x_wconf 91' lang='lat' dir='ltr'>quali</span> <span class='ocrx_word' id='word_1_224' title='bbox 813 3323 966 3408; x_wconf 83' lang='lat' dir='ltr'>passione,</span> <span class='ocrx_word' id='word_1_225' title='bbox 998 3332 1032 3388; x_wconf 88' lang='lat' dir='ltr'>et</span> <span class='ocrx_word' id='word_1_226' title='bbox 1059 3346 1098 3388; x_wconf 81' lang='lat' dir='ltr'>ex</span> <span class='ocrx_word' id='word_1_227' title='bbox 1124 3323 1209 3410; x_wconf 85' lang='lat' dir='ltr'>quali</span> <span class='ocrx_word' id='word_1_228' title='bbox 1239 3324 1397 3389; x_wconf 90' lang='lat' dir='ltr'>elemento</span> 
     </span>
     <span class='ocr_line' id='line_1_28' title="bbox 244 3415 1398 3507; baseline 0.006 -28"><span class='ocrx_word' id='word_1_229' title='bbox 244 3415 425 3482; x_wconf 85' lang='lat' dir='ltr'>substantia</span> <span class='ocrx_word' id='word_1_230' title='bbox 455 3419 693 3503; x_wconf 84' lang='lat' dir='ltr'>generationem</span> <span class='ocrx_word' id='word_1_231' title='bbox 729 3422 862 3507; x_wconf 88' lang='lat' dir='ltr'>accepit.</span> <span class='ocrx_word' id='word_1_232' title='bbox 927 3423 1008 3499; x_wconf 86' lang='lat' dir='ltr'>Quae</span> <span class='ocrx_word' id='word_1_233' title='bbox 1042 3423 1140 3488; x_wconf 89' lang='lat' dir='ltr'>etiam</span> <span class='ocrx_word' id='word_1_234' title='bbox 1173 3423 1398 3488; x_wconf 86' lang='lat' dir='ltr'>convenienter</span> 
     </span>
     <span class='ocr_line' id='line_1_29' title="bbox 242 3511 1398 3600; baseline 0.006 -21"><span class='ocrx_word' id='word_1_235' title='bbox 242 3511 392 3579; x_wconf 75' lang='lat' dir='ltr'>ridentur</span> <span class='ocrx_word' id='word_1_236' title='bbox 415 3515 492 3580; x_wconf 93' lang='lat' dir='ltr'>mihi</span> <span class='ocrx_word' id='word_1_237' title='bbox 515 3537 579 3581; x_wconf 91' lang='lat' dir='ltr'>non</span> <span class='ocrx_word' id='word_1_238' title='bbox 600 3539 709 3583; x_wconf 88' lang='lat' dir='ltr'>omnes</span> <span class='ocrx_word' id='word_1_239' title='bbox 734 3521 812 3585; x_wconf 92' lang='lat' dir='ltr'>velle</span> <span class='ocrx_word' id='word_1_240' title='bbox 837 3522 870 3586; x_wconf 94' lang='lat' dir='ltr'>in</span> <span class='ocrx_word' id='word_1_241' title='bbox 893 3522 1060 3589; x_wconf 84' lang='lat' dir='ltr'>manifesto</span> <span class='ocrx_word' id='word_1_242' title='bbox 1086 3524 1210 3600; x_wconf 89' lang='lat' dir='ltr'>docere,</span> <span class='ocrx_word' id='word_1_243' title='bbox 1232 3523 1289 3587; x_wconf 89' lang='lat' dir='ltr'>sed</span> <span class='ocrx_word' id='word_1_244' title='bbox 1315 3522 1398 3587; x_wconf 89' lang='lat' dir='ltr'>solos</span> 
     </span>
     <span class='ocr_line' id='line_1_30' title="bbox 243 3608 1398 3709; baseline 0.009 -33"><span class='ocrx_word' id='word_1_245' title='bbox 243 3608 312 3676; x_wconf 92' lang='lat' dir='ltr'>illos</span> <span class='ocrx_word' id='word_1_246' title='bbox 330 3613 383 3698; x_wconf 88' lang='lat' dir='ltr'>qui</span> <span class='ocrx_word' id='word_1_247' title='bbox 400 3614 498 3679; x_wconf 89' lang='lat' dir='ltr'>etiam</span> <span class='ocrx_word' id='word_1_248' title='bbox 515 3617 653 3703; x_wconf 86' lang='lat' dir='ltr'>grandes</span> <span class='ocrx_word' id='word_1_249' title='bbox 670 3621 831 3685; x_wconf 87' lang='lat' dir='ltr'>mercedes</span> <span class='ocrx_word' id='word_1_250' title='bbox 847 3644 905 3707; x_wconf 93' lang='lat' dir='ltr'>pro</span> <span class='ocrx_word' id='word_1_251' title='bbox 923 3621 1040 3687; x_wconf 90' lang='lat' dir='ltr'>talibus</span> <span class='ocrx_word' id='word_1_252' title='bbox 1062 3623 1220 3709; x_wconf 86' lang='lat' dir='ltr'>mysteriis</span> <span class='ocrx_word' id='word_1_253' title='bbox 1243 3629 1398 3707; x_wconf 85' lang='lat' dir='ltr'>praestare</span> 
     </span>
     <span class='ocr_line' id='line_1_31' title="bbox 241 3713 1398 3808; baseline 0.009 -33"><span class='ocrx_word' id='word_1_254' title='bbox 241 3720 384 3796; x_wconf 87' lang='lat' dir='ltr'>possunt.</span> <span class='ocrx_word' id='word_1_255' title='bbox 436 3713 509 3780; x_wconf 91' lang='lat' dir='ltr'>Non</span> <span class='ocrx_word' id='word_1_256' title='bbox 527 3715 611 3781; x_wconf 90' lang='lat' dir='ltr'>cuim</span> <span class='ocrx_word' id='word_1_257' title='bbox 622 3718 691 3802; x_wconf 91' lang='lat' dir='ltr'>jam</span> <span class='ocrx_word' id='word_1_258' title='bbox 709 3719 819 3785; x_wconf 92' lang='lat' dir='ltr'>dicunt</span> <span class='ocrx_word' id='word_1_259' title='bbox 835 3721 948 3785; x_wconf 91' lang='lat' dir='ltr'>similia</span> <span class='ocrx_word' id='word_1_260' title='bbox 965 3720 1035 3800; x_wconf 91' lang='lat' dir='ltr'>illis,</span> <span class='ocrx_word' id='word_1_261' title='bbox 1054 3723 1094 3787; x_wconf 89' lang='lat' dir='ltr'>de</span> <span class='ocrx_word' id='word_1_262' title='bbox 1111 3721 1224 3808; x_wconf 90' lang='lat' dir='ltr'>quibus</span> <span class='ocrx_word' id='word_1_263' title='bbox 1241 3720 1398 3786; x_wconf 92' lang='lat' dir='ltr'>Dominus</span> 
     </span>
     <span class='ocr_line' id='line_1_32' title="bbox 241 3813 1398 3906; baseline 0.01 -32"><span class='ocrx_word' id='word_1_264' title='bbox 241 3817 352 3876; x_wconf 89' lang='lat' dir='ltr'>noster</span> <span class='ocrx_word' id='word_1_265' title='bbox 376 3813 477 3881; x_wconf 79' lang='lat' dir='ltr'>dixit:</span> <span class='ocrx_word' id='word_1_266' title='bbox 508 3818 623 3883; x_wconf 80' lang='lat' dir='ltr'>Gratis</span> <span class='ocrx_word' id='word_1_267' title='bbox 650 3821 819 3905; x_wconf 75' lang='lat' dir='ltr'>accepistin,</span> <span class='ocrx_word' id='word_1_268' title='bbox 843 3822 947 3905; x_wconf 68' lang='lat' dir='ltr'>gratia</span> <span class='ocrx_word' id='word_1_269' title='bbox 976 3823 1066 3887; x_wconf 84' lang='lat' dir='ltr'>dcto:</span> <span class='ocrx_word' id='word_1_270' title='bbox 1095 3822 1151 3887; x_wconf 88' lang='lat' dir='ltr'>sed</span> <span class='ocrx_word' id='word_1_271' title='bbox 1172 3824 1340 3906; x_wconf 82' lang='lat' dir='ltr'>&#39;separata</span> <span class='ocrx_word' id='word_1_272' title='bbox 1365 3827 1398 3886; x_wconf 89' lang='lat' dir='ltr'>et</span> 
     </span>
     <span class='ocr_line' id='line_1_33' title="bbox 241 3917 1398 4006; baseline 0.01 -32"><span class='ocrx_word' id='word_1_273' title='bbox 241 3918 459 3994; x_wconf 87' lang='lat' dir='ltr'>portentuosa,</span> <span class='ocrx_word' id='word_1_274' title='bbox 478 3921 512 3979; x_wconf 91' lang='lat' dir='ltr'>et</span> <span class='ocrx_word' id='word_1_275' title='bbox 529 3917 596 3981; x_wconf 88' lang='lat' dir='ltr'>alta</span> <span class='ocrx_word' id='word_1_276' title='bbox 613 3919 764 4003; x_wconf 88' lang='lat' dir='ltr'>mysteria</span> <span class='ocrx_word' id='word_1_277' title='bbox 781 3942 852 3984; x_wconf 89' lang='lat' dir='ltr'>cum</span> <span class='ocrx_word' id='word_1_278' title='bbox 869 3943 986 4006; x_wconf 88' lang='lat' dir='ltr'>magno</span> <span class='ocrx_word' id='word_1_279' title='bbox 1003 3921 1111 3986; x_wconf 87' lang='lat' dir='ltr'>labore</span> <span class='ocrx_word' id='word_1_280' title='bbox 1129 3919 1287 4006; x_wconf 87' lang='lat' dir='ltr'>exquisita</span> <span class='ocrx_word' id='word_1_281' title='bbox 1308 3921 1398 3985; x_wconf 82' lang='lat' dir='ltr'>lalla-</span> 
     </span>
     <span class='ocr_line' id='line_1_34' title="bbox 241 4007 1396 4106; baseline 0.01 -32"><span class='ocrx_word' id='word_1_282' title='bbox 241 4007 339 4074; x_wconf 84' lang='lat' dir='ltr'>cibus.</span> <span class='ocrx_word' id='word_1_283' title='bbox 391 4012 472 4088; x_wconf 83' lang='lat' dir='ltr'>Quis</span> <span class='ocrx_word' id='word_1_284' title='bbox 494 4015 579 4079; x_wconf 93' lang='lat' dir='ltr'>enim</span> <span class='ocrx_word' id='word_1_285' title='bbox 600 4037 664 4081; x_wconf 91' lang='lat' dir='ltr'>non</span> <span class='ocrx_word' id='word_1_286' title='bbox 687 4026 797 4105; x_wconf 89' lang='lat' dir='ltr'>eroget</span> <span class='ocrx_word' id='word_1_287' title='bbox 821 4019 926 4085; x_wconf 92' lang='lat' dir='ltr'>omnia</span> <span class='ocrx_word' id='word_1_288' title='bbox 944 4043 1014 4105; x_wconf 78' lang='lat' dir='ltr'>qum</span> <span class='ocrx_word' id='word_1_289' title='bbox 1030 4030 1105 4086; x_wconf 89' lang='lat' dir='ltr'>sunt</span> <span class='ocrx_word' id='word_1_290' title='bbox 1123 4022 1200 4106; x_wconf 86' lang='lat' dir='ltr'>ejus,</span> <span class='ocrx_word' id='word_1_291' title='bbox 1217 4019 1266 4084; x_wconf 90' lang='lat' dir='ltr'>uti</span> <span class='ocrx_word' id='word_1_292' title='bbox 1284 4019 1396 4096; x_wconf 86' lang='lat' dir='ltr'>discat,</span> 
     </span>
     <span class='ocr_line' id='line_1_35' title="bbox 242 4108 1397 4206; baseline 0.01 -34"><span class='ocrx_word' id='word_1_293' title='bbox 242 4108 390 4194; x_wconf 92' lang='lat' dir='ltr'>quoniam</span> <span class='ocrx_word' id='word_1_294' title='bbox 412 4135 432 4177; x_wconf 93' lang='lat' dir='ltr'>a</span> <span class='ocrx_word' id='word_1_295' title='bbox 455 4113 601 4200; x_wconf 83' lang='lat' dir='ltr'>lacrymis</span> <span class='ocrx_word' id='word_1_296' title='bbox 618 4115 859 4202; x_wconf 84' lang='lat' dir='ltr'>Enthymeseos,</span> <span class='ocrx_word' id='word_1_297' title='bbox 878 4142 948 4204; x_wconf 72' lang='lat' dir='ltr'>quae</span> <span class='ocrx_word' id='word_1_298' title='bbox 970 4128 1080 4185; x_wconf 88' lang='lat' dir='ltr'>estex</span> <span class='ocrx_word' id='word_1_299' title='bbox 1106 4120 1251 4206; x_wconf 84' lang='lat' dir='ltr'>passione</span> <span class='ocrx_word' id='word_1_300' title='bbox 1270 4119 1397 4198; x_wconf 86' lang='lat' dir='ltr'>AEonis,</span> 
     </span>
     <span class='ocr_line' id='line_1_36' title="bbox 240 4208 1397 4307; baseline 0.01 -35"><span class='ocrx_word' id='word_1_301' title='bbox 240 4208 342 4275; x_wconf 85' lang='lat' dir='ltr'>maria</span> <span class='ocrx_word' id='word_1_302' title='bbox 359 4217 393 4276; x_wconf 90' lang='lat' dir='ltr'>et</span> <span class='ocrx_word' id='word_1_303' title='bbox 410 4212 524 4289; x_wconf 83' lang='lat' dir='ltr'>fontes,</span> <span class='ocrx_word' id='word_1_304' title='bbox 542 4221 577 4279; x_wconf 91' lang='lat' dir='ltr'>et</span> <span class='ocrx_word' id='word_1_305' title='bbox 594 4216 734 4294; x_wconf 89' lang='lat' dir='ltr'>flumina,</span> <span class='ocrx_word' id='word_1_306' title='bbox 753 4225 786 4283; x_wconf 89' lang='lat' dir='ltr'>et</span> <span class='ocrx_word' id='word_1_307' title='bbox 803 4218 949 4285; x_wconf 86' lang='lat' dir='ltr'>universa</span> <span class='ocrx_word' id='word_1_308' title='bbox 965 4219 1096 4285; x_wconf 90' lang='lat' dir='ltr'>humida</span> <span class='ocrx_word' id='word_1_309' title='bbox 1112 4220 1248 4286; x_wconf 90' lang='lat' dir='ltr'>materia</span> <span class='ocrx_word' id='word_1_310' title='bbox 1265 4241 1397 4307; x_wconf 83' lang='lat' dir='ltr'>genere·</span> 
     </span>
    </p>
   </div>
   <div class='ocr_carea' id='block_1_5' title="bbox 240 4377 1398 4604">
    <p class='ocr_par' dir='ltr' id='par_1_10' title="bbox 240 4377 1398 4604">
     <span class='ocr_line' id='line_1_37' title="bbox 289 4377 1398 4452; baseline 0.013 -25"><span class='ocrx_word' id='word_1_311' title='bbox 289 4377 433 4442; x_wconf 67' lang='lat' dir='ltr'>1aocapec,</span> <span class='ocrx_word' id='word_1_312' title='bbox 446 4383 601 4447; x_wconf 90' lang='lat' dir='ltr'>pompously.</span> <span class='ocrx_word' id='word_1_313' title='bbox 892 4386 904 4420; x_wconf 80' lang='lat'>⁸</span> <span class='ocrx_word' id='word_1_314' title='bbox 928 4388 1056 4452; x_wconf 69' lang='lat' dir='ltr'>separata,</span> <span class='ocrx_word' id='word_1_315' title='bbox 1084 4391 1195 4440; x_wconf 67' lang='lat' dir='ltr'>ebatum</span> <span class='ocrx_word' id='word_1_316' title='bbox 1223 4391 1309 4441; x_wconf 79' lang='lat' dir='ltr'>would</span> <span class='ocrx_word' id='word_1_317' title='bbox 1335 4392 1398 4441; x_wconf 82' lang='lat' dir='ltr'>have</span> 
     </span>
     <span class='ocr_line' id='line_1_38' title="bbox 287 4455 1226 4536; baseline 0.019 -29"><span class='ocrx_word' id='word_1_318' title='bbox 287 4455 332 4518; x_wconf 77' lang='grc' dir='ltr'>’ἡ</span> <span class='ocrx_word' id='word_1_319' title='bbox 349 4460 419 4509; x_wconf 80' lang='grc' dir='ltr'>οὐσία</span> <span class='ocrx_word' id='word_1_320' title='bbox 435 4461 493 4510; x_wconf 86' lang='lat' dir='ltr'>bere</span> <span class='ocrx_word' id='word_1_321' title='bbox 509 4463 569 4512; x_wconf 89' lang='lat' dir='ltr'>used</span> <span class='ocrx_word' id='word_1_322' title='bbox 586 4464 612 4512; x_wconf 92' lang='lat' dir='ltr'>in</span> <span class='ocrx_word' id='word_1_323' title='bbox 628 4464 672 4514; x_wconf 91' lang='lat' dir='ltr'>the</span> <span class='ocrx_word' id='word_1_324' title='bbox 682 4481 753 4515; x_wconf 81' lang='lat' dir='ltr'>sense</span> <span class='ocrx_word' id='word_1_325' title='bbox 769 4468 797 4516; x_wconf 83' lang='lat' dir='ltr'>ol</span> <span class='ocrx_word' id='word_1_326' title='bbox 844 4471 925 4521; x_wconf 87' lang='lat' dir='ltr'>better</span> <span class='ocrx_word' id='word_1_327' title='bbox 941 4473 1071 4536; x_wconf 74' lang='lat' dir='ltr'>exprcmod</span> <span class='ocrx_word' id='word_1_328' title='bbox 1088 4474 1131 4524; x_wconf 87' lang='lat' dir='ltr'>the</span> <span class='ocrx_word' id='word_1_329' title='bbox 1147 4489 1226 4525; x_wconf 81' lang='lat' dir='ltr'>sense.</span> 
     </span>
     <span class='ocr_line' id='line_1_39' title="bbox 240 4539 569 4604; baseline 0.018 -14"><span class='ocrx_word' id='word_1_330' title='bbox 240 4539 295 4604; x_wconf 65' lang='lat' dir='ltr'>aa,</span> <span class='ocrx_word' id='word_1_331' title='bbox 307 4545 420 4596; x_wconf 69' lang='lat' dir='ltr'>material</span> <span class='ocrx_word' id='word_1_332' title='bbox 431 4544 569 4596; x_wconf 85' lang='lat' dir='ltr'>substance.</span> 
     </span>
    </p>
   </div>
   <div class='ocr_carea' id='block_1_6' title="bbox 0 0 1482 4986">
    <p class='ocr_par' dir='ltr' id='par_1_11' title="bbox 0 0 1482 4986">
     <span class='ocr_line' id='line_1_40' title="bbox 0 0 1482 4986; baseline 0 1"><span class='ocrx_word' id='word_1_333' title='bbox 0 0 1482 4986; x_wconf 95' lang='lat' dir='ltr'> </span> 
     </span>
    </p>
   </div>
  </div>
 </body>
</html>
