2954 4986
240 331 312 398 274
708 346 922 399 vsaaumur

80 519 303 562 us.11.x.1.n0n
325 498 487 564 eredentes
504 497 650 585 qnoniam
666 497 754 563 Deus
771 520 811 562 ex
829 497 878 561 his
901 517 971 582 quse
994 517 1056 558 non
1076 500 1177 572 erant,
1197 493 1395 581 quemadmo-

77 568 221 698 fl‘lll'S-Jlf'i
240 602 314 666 dum
328 601 435 679 voluit,
456 625 494 667 ea
516 624 585 688 quae
607 602 691 667 lacta
711 608 786 666 sunt
806 608 843 664 ut
860 606 966 665 essent
986 597 1091 662 omnia
1112 596 1196 674 feeit,
1219 618 1279 660 sua
1293 596 1395 661 volun·

80 691 307 770 -ss-mte
336 714 369 770 et
394 707 508 771 virtute
539 705 732 770 ¹substantia
767 726 852 780 usus,
879 724 1040 769 sermones
1065 723 1163 766 vanos
1192 700 1395 786 collegerant,

241 830 312 873 vere
333 809 532 873 ostendentes
553 830 643 872 snam
658 807 909 872 ²infidelitatem:
933 805 1081 892 quoniam
1107 805 1235 891 quidem
1258 802 1309 868 his
1330 825 1396 890 quae

242 919 315 976 sunt
329 933 393 975 non
407 911 548 989 credunt,
565 910 598 975 in
613 909 645 975 id
660 911 744 997 quod
757 931 820 975 non
835 917 885 975 est
899 908 1091 974 deciderunt.

733 1147 836 1214 OAP.
860 1146 908 1212 X.

246 1289 430 1382 Quoniam
470 1287 711 1364 substantiam
754 1285 919 1362 materia
960 1285 1037 1360 lobi
1078 1285 1283 1385 odjunqere
1327 1312 1397 1360 aon

319 1421 455 1482 constat
467 1438 479 1492 ,·
509 1408 689 1482 uolruatute
718 1418 840 1480 autem
870 1416 902 1479 et
929 1403 1060 1479 uirtute
1086 1403 1164 1479 Da·
1192 1415 1396 1496 constabat

307 1523 430 1622 fidem
446 1524 560 1599 babet.

247 1694 278 1757 l.
322 1690 420 1771 Quen
446 1691 530 1756 enim
555 1689 663 1754 dieunt
677 1711 717 1753 ex
740 1688 885 1775 lacrymis
911 1687 1101 1766 Achamoth,
1128 1687 1310 1753 humectam
1329 1709 1397 1774 pro·

246 1793 329 1858 disse
350 1793 569 1872 substantiam,
589 1814 610 1857 a
630 1792 696 1857 risu
712 1800 819 1857 autem
840 1791 985 1869 lucidam,
1004 1813 1025 1855 a
1046 1790 1175 1856 tristitia
1195 1799 1304 1856 autem
1328 1791 1398 1856 soli-

245 1896 328 1974 dam,
343 1904 376 1960 et
390 1917 410 1959 a
424 1896 535 1961 timore
548 1895 705 1972 mobilem,
720 1903 752 1960 et
767 1895 799 1958 in
813 1894 864 1959 his
876 1893 976 1958 altum
989 1915 1099 1980 sapere
1112 1903 1146 1958 et
1160 1894 1305 1958 inflatum
1320 1915 1398 1970 esse,

245 1999 401 2086 quomodo
428 1999 497 2064 haec
522 2021 585 2064 non
610 1999 706 2085 (ligna
731 1998 872 2063 irrisione
901 2005 935 2063 et
959 2018 1031 2062 vere
1059 1997 1209 2063 ridicula!
1247 1998 1302 2084 qni
1337 2019 1398 2062 aon

245 2101 375 2166 credunt
400 2100 535 2187 quidem,
558 2100 704 2187 quoniam
731 2100 832 2185 ipsam
859 2100 1031 2178 materiam,
1057 2122 1130 2165 cnm
1158 2100 1201 2165 sit
1226 2109 1341 2185 potens
1368 2108 1399 2164 et

245 2203 331 2267 dives
352 2202 386 2266 in
407 2202 561 2279 omnibus,
578 2203 667 2268 Deus
688 2201 813 2279 creavit,
834 2201 1008 2267 nescientes
1028 2211 1179 2288 quantum
1193 2211 1299 2288 potest
1313 2202 1400 2288 spiri-

245 2305 318 2371 talis
332 2313 364 2371 et
378 2306 481 2370 divina
501 2305 694 2380 substantia;
720 2305 883 2371 credentes
901 2313 1008 2370 autem
1030 2305 1176 2392 quoniam
1199 2307 1308 2371 Mater
1320 2306 1400 2392 ipso

245 2431 325 2487 rum,
350 2431 444 2495 quam
464 2409 624 2474 foeminam
647 2431 668 2474 a
692 2409 821 2474 loemina
839 2416 963 2486 vocant,
988 2431 1009 2473 a
1023 2409 1182 2494 praedictis
1204 2409 1401 2496 passionibus

246 2511 350 2576 emisit
364 2520 485 2577 tantam
503 2511 689 2578 conditionis
714 2510 896 2577 materiam:
921 2518 954 2575 et
975 2519 1150 2597 quaerentes
1169 2512 1296 2599 quidem
1319 2512 1401 2576 unde

245 2615 472 2701 ⁸suppeditavit
492 2614 670 2680 fabricatori
694 2614 881 2680 conditionis
905 2613 1113 2693 ‘substantia
1135 2636 1200 2679 non
1225 2622 1401 2701 quaerentes

245 2725 350 2781 autem
365 2717 447 2781 unde
464 2717 562 2781 Matri
577 2717 724 2803 ipsorum,
737 2739 830 2805 quam
847 2716 1054 2802 Enthymesin
1065 2725 1098 2782 et
1116 2717 1269 2804 impetum
1282 2718 1401 2783 AEonis

245 2817 378 2884 arantis
392 2818 510 2895 dicunt,
531 2819 702 2906 ⁸laorymas
724 2828 830 2885 tantas
849 2827 905 2883 aut
928 2819 1067 2898 sudores,
1091 2828 1148 2885 ant
1171 2819 1328 2899 tristitias,
1347 2828 1400 2885 aut

245 2921 363 3008 reliqna
376 2922 516 2986 materiae
537 2922 673 2988 emissio.

311 3028 344 3090 2.
388 3025 571 3090 Attribuere
589 3025 673 3089 enim
694 3024 903 3090 substantiam
923 3045 1121 3110 eorumquae
1141 3025 1226 3090 sacta
1246 3032 1323 3090 sunt
1343 3024 1401 3088 vir·

246 3128 308 3192 tati
333 3135 366 3193 et
395 3128 547 3192 voluntati
579 3129 648 3214 ejus
676 3127 730 3214 qui
758 3134 809 3193 est
836 3127 976 3191 omnium
1003 3128 1101 3206 Deus,
1132 3135 1165 3193 et
1196 3128 1344 3193 credibile
1369 3136 1402 3193 et

102 3246 201 3284 nervi·
246 3230 435 3315 acceptabile
450 3238 483 3294 et
497 3238 645 3295 consuas
662 3238 695 3295 et
718 3229 751 3294 in
770 3229 831 3295 hoc
851 3231 932 3294 bene
949 3229 1142 3295 ⁸dioeretur:
1166 3230 1316 3316 quoniam
1335 3253 1402 3317 quur

246 3332 447 3417 impossibilis
460 3342 531 3396 suut
544 3333 634 3418 apud
649 3333 792 3411 homines,
805 3332 968 3420 possibilia
989 3343 1060 3398 sust
1080 3335 1169 3419 opud
1181 3336 1303 3405 Dauum
1327 3357 1401 3420 quo-

246 3433 330 3497 niam
344 3433 485 3498 homines
500 3434 625 3519 quidem
639 3435 678 3499 de
699 3437 797 3501 nihilo
812 3458 875 3501 non
890 3444 1021 3522 possunt
1034 3436 1151 3523 aliquid
1164 3437 1277 3516 facere,
1292 3438 1350 3503 sed
1363 3438 1402 3502 de

246 3534 378 3599 materia
390 3535 576 3622 subjacenti:
594 3535 683 3601 Deus
697 3547 803 3602 autem
818 3560 913 3626 quam
928 3539 1071 3604 homines
1085 3540 1145 3604 hoo
1159 3540 1260 3625 primo
1283 3540 1401 3619 melior,

246 3657 284 3702 oo
309 3637 392 3723 quod
418 3638 583 3702 materiam
609 3640 822 3706 fabricationis
847 3664 914 3707 mae
939 3664 1012 3707 cum
1037 3651 1112 3708 ante
1138 3664 1202 3708 non
1228 3653 1314 3711 esset
1337 3645 1403 3732 ipse
1416 3668 1439 3707 a.
1452 3667 1476 3705 ι·

246 3740 417 3805 adinvenit.
464 3740 578 3807 Dicere
592 3751 698 3808 autem
712 3744 752 3808 de
768 3744 955 3831 Enthymesi
970 3744 1090 3810 AEonis
1103 3747 1236 3812 errantis
1250 3748 1403 3834 prolatam

296 3893 305 3924 ¹
322 3892 340 3943 i.
349 3908 368 3943 e.
391 3901 514 3958 tamquam
528 3895 669 3958 subeuntia,
690 3899 799 3948 ούσιώσει
900 3895 912 3927 ¹
927 3897 980 3945 'l'hs
997 3897 1097 3947 (imm
1115 3899 1235 3963 madiam
1251 3899 1349 3948 Gom
1360 3900 1403 3948 lol-

246 3976 403 4037 χρησόμενος,
427 3977 448 4025 ia
470 3978 544 4041 §ven
566 3979 600 4043 by
619 3979 714 4028 Gaas}
734 3979 798 4028 bam
849 3976 911 4026 lawa
921 3978 1028 4027 theAs.
1042 3979 1100 4029 MS.
1113 3978 1289 4040 infirmitatus.

246 4056 418 4108 swanum.
431 4061 513 4108 astho
527 4060 727 4124 explanationes
739 4062 798 4111 Bu.-
899 4057 911 4091 ⁸
926 4059 980 4108 Tho
990 4060 1127 4110 tramlator
1138 4076 1218 4111 seems
1232 4066 1260 4111 to
1270 4063 1336 4113 have
1346 4064 1404 4112 read

246 4146 314 4196 mue,
335 4135 386 4183 and
408 4136 523 4200 repeated
545 4137 580 4200 by
597 4136 726 4188 Massam
748 4138 799 4187 aad
850 4140 1128 4204 ittpxusawpode'tauit,
1141 4142 1405 4208 stammqmring

246 4210 370 4262 Sarnus.
420 4213 473 4262 But
501 4213 613 4262 Bruma
639 4221 709 4264 must
734 4216 798 4265 have
850 4222 957 4283 ὑπῆρχεν
967 4221 1404 4281 mrititmdthesamsooaiaaioa

244 4294 343 4343 written
352 4311 381 4342 or
391 4299 483 4355 mant,
491 4296 560 4356 atala
571 4296 628 4345 boel
639 4297 795 4358 χρησάμενος,
848 4303 899 4352 will
916 4310 1023 4354 wconnt
1040 4305 1079 4354 for
1088 4306 1132 4354 the
1146 4306 1272 4356 solecismis
1285 4307 1405 4370 lamas

244 4374 331 4422 andin
343 4374 386 4423 tbe
403 4374 489 4435 Latin,
506 4375 558 4423 sola
569 4390 616 4424 aaa
632 4377 753 4426 adauae
769 4393 798 4427 ac
851 4384 1014 4436 ...tristitiae

240 4455 348 4515 potantia
355 4471 404 4518 pro
414 4456 500 4506 uentis
510 4458 565 4519 (not
576 4459 717 4521 maeotis)
729 4460 798 4509 nous
897 4462 909 4493 ⁴
925 4462 1068 4524 numu,
1080 4463 1125 4514 io.
1137 4465 1305 4516 amusan.

241 4533 360 4597 omnibu,
374 4551 442 4599 aaut,
456 4536 499 4589 ts.
899 4543 910 4571 ⁶
927 4543 1145 4596 Consiliator.
