2954 4986
238 341 305 405 358
658 353 964 408 nuorrrrunarro

104 529 198 614 appi-p
241 509 386 594 quonlam
404 530 442 575 ac
452 518 547 596 parto
562 509 772 595 cognoscimus,
791 518 820 574 ot
838 530 875 573 aa
884 518 980 594 purte
991 506 1224 593 prophetamus,
1246 507 1254 536 ¹
1258 512 1345 592 putet
1360 526 1391 569 se

78 621 230 707 “mb-
242 632 305 677 non
319 634 359 677 ex
373 620 472 698 parte,
488 613 544 677 sed
558 611 771 677 uniuersaliter
785 610 960 676 universam
975 609 1096 696 cepisse
1111 632 1223 675 eorum
1242 616 1391 693 quaesunt

81 715 227 801 22¹⁰]-
241 716 445 801 agnitionem,
463 716 651 782 Valentinus
664 716 776 804 aliquis
790 715 954 791 exsistens,
969 724 1025 779 aut
1041 714 1248 789 Ptolemaeus,
1264 720 1319 777 aut
1338 711 1392 775 Ba·

81 829 147 870 rom.
156 830 201 870 ¹¹¹&
210 830 230 870 ⁹·
242 818 359 896 silides,
374 819 422 883 vel
440 819 552 905 aliquis
571 842 678 885 eorum
693 819 745 905 qui
759 819 941 883 altitudines
956 818 1017 882 Dei
1032 818 1208 902 exquisisse
1223 840 1259 881 se
1274 816 1391 887 dicuut;

242 922 353 987 nonin
367 944 405 987 ea
419 946 489 1010 quae
512 924 677 988 invisibilia
690 931 774 1000 sunt,
790 923 837 987 vel
853 945 922 1006 quae
943 921 1064 986 ostendi
1085 942 1150 985 non
1170 930 1314 1007 possunt,
1328 940 1395 984 cum

242 1025 328 1090 inani
358 1027 513 1111 jactantia
547 1028 699 1092 decorans
726 1026 941 1112 semetipsum,
966 1025 1036 1110 plus
1065 1046 1162 1110 quam
1195 1024 1334 1108 reliquos
1363 1043 1396 1087 se

242 1130 408 1217 agnovisse
421 1132 585 1217 glorietur:
609 1131 665 1196 sed
687 1152 798 1195 causas
819 1152 928 1194 eorum
947 1152 1017 1215 quae
1040 1129 1071 1192 in
1091 1130 1153 1193 hoc
1171 1135 1249 1192 sunt
1274 1126 1395 1199 mundo,

243 1253 322 1316 quas
336 1254 395 1297 nos
409 1255 472 1298 non
485 1232 612 1310 scimus,
627 1242 663 1297 ut
682 1240 759 1318 puta
778 1254 942 1296 nnmerum
961 1230 1142 1316 capillorum
1159 1229 1277 1315 eapitis
1295 1228 1352 1303 sui,
1366 1238 1396 1291 et

243 1333 283 1398 de
297 1334 347 1398 bis
361 1336 414 1421 qui
430 1335 569 1422 quotidie
584 1335 749 1421 capiuntur
769 1355 919 1420 passeres,
935 1341 969 1398 et
982 1334 1021 1396 de
1035 1332 1163 1417 reliquis
1185 1354 1252 1395 non
1272 1332 1396 1418 provisis

243 1436 378 1515 anobis,
393 1437 559 1525 diligenter
576 1437 752 1522 exquirens,
768 1445 801 1500 et
814 1458 835 1501 a
850 1437 946 1500 Patre
965 1436 1089 1499 discens
1109 1434 1282 1499 annuntiet
1302 1434 1395 1509 nobis,

245 1548 282 1605 ut
294 1539 342 1605 ²ei
357 1541 397 1605 de
411 1540 581 1627 majoribus
595 1563 717 1625 quoqne
726 1540 899 1604 credamus.
923 1538 958 1603 Si
967 1548 1072 1603 autem
1084 1560 1123 1602 ea
1133 1560 1205 1623 qnae
1216 1538 1250 1601 in
1260 1537 1397 1601 manibus

243 1651 328 1720 sunt,
343 1652 376 1708 et
394 1653 469 1709 ante
491 1645 596 1729 pedes,
612 1652 645 1709 et
665 1644 699 1707 in
719 1643 827 1721 oculis,
843 1652 875 1706 et
889 1642 1029 1719 terrenis,
1044 1651 1078 1706 et
1093 1642 1253 1728 praecipue
1269 1639 1396 1727 disposi-

243 1746 362 1812 tionem
376 1747 556 1833 capillorum
571 1747 683 1833 capitis
700 1746 759 1824 sui,
775 1746 913 1810 nondum
933 1745 1036 1810 sciunt
1051 1745 1073 1808 ii
1090 1745 1143 1832 qui
1161 1755 1238 1809 sunt
1261 1743 1396 1831 perlecti,

243 1851 505 1935 quemadmodum
533 1850 580 1916 eis
609 1851 648 1915 de
669 1850 868 1936 spiritalibus,
882 1857 915 1914 et
936 1848 1219 1934 supercoelestibus,
1237 1856 1271 1913 et
1292 1848 1332 1912 de
1353 1848 1397 1911 lris

243 1955 332 2039 'quae
354 1976 447 2038 super
462 1954 566 2019 Deum
586 1976 667 2019 vana
683 1952 882 2040 persuasione
899 1954 1112 2029 ⁴confirmant,
1128 1953 1315 2017 credemusl
1358 1950 1397 2015 Et

244 2062 334 2120 tanta
352 2056 476 2141 quidem
491 2057 530 2121 de
544 2056 682 2122 numeris
696 2065 730 2122 et
744 2057 783 2121 de
797 2056 983 2134 nominibus,
999 2065 1032 2121 et
1046 2056 1086 2121 de
1100 2055 1240 2143 syllabis,
1256 2066 1289 2121 et
1304 2077 1397 2142 quas-

244 2158 382 2225 tionibus
404 2182 512 2226 eorum
535 2182 606 2247 quae
630 2170 704 2226 sunt
728 2182 822 2247 super
847 2182 915 2239 nos,
942 2170 974 2225 et
999 2161 1038 2225 de
1061 2183 1100 2225 eo
1126 2162 1213 2248 quod
1236 2160 1397 2247 improprie

244 2272 402 2347 exponant
416 2263 588 2349 parabolas,
600 2285 620 2329 a
634 2263 723 2329 nobis
738 2263 798 2330 leit
809 2264 937 2344 dictum,
947 2264 1201 2350 quandoquidem
1214 2268 1255 2330 la
1270 2272 1302 2329 te
1316 2262 1397 2350 plura

245 2363 307 2431 dici
321 2365 452 2451 possint.

696 2647 797 2713 OAP.
820 2647 953 2714 XLIV.

627 2828 850 2905 Donatum
875 2829 1017 2906 arzimoe.

248 2943 430 3039 Quoniam
450 2944 648 3021 secundum
661 2946 810 3047 illorum
834 2975 1044 3039 accaronem,
1068 2976 1153 3024 cuna
1177 2952 1314 3028 oninroe
1332 2978 1395 3027 sor-

303 3078 441 3156 6666666,
461 3090 597 3139 6666666
615 3078 664 3139 eet
681 3079 713 3139 et
732 3091 889 3164 corporo
905 3065 1146 3166 participare
1173 3070 1336 3146 sulutem.

248 3235 277 3297 1.
323 3231 570 3296 annnrrnun
580 3238 686 3295 autem
699 3252 756 3295 nos
767 3232 807 3295 ad
821 3231 939 3318 reliqua
949 3254 1019 3319 quae
1030 3241 1105 3297 sunt
1116 3256 1226 3299 eorum
1240 3258 1396 3324 argumen-

244 3334 382 3400 tationis.
416 3334 455 3398 In
471 3333 738 3399 consummatione
755 3333 838 3399 enim
853 3335 993 3400 dicentes
1006 3335 1144 3421 ipsorum
1161 3338 1304 3403 Matrem
1322 3339 1398 3403 intra

246 3438 394 3501 Pleroma
408 3438 540 3522 regredi,
552 3446 585 3502 et
600 3436 736 3522 recipcre
750 3459 898 3522 sponsum
914 3460 1006 3502 suum
1019 3438 1233 3517 Salvatorem;
1254 3465 1289 3507 se
1299 3452 1397 3507 autem

245 3539 393 3625 quoniam
407 3540 562 3624 spiritales
576 3561 645 3603 esse
659 3540 777 3618 dicunt,
794 3542 1000 3627 texspoliatos
1016 3542 1147 3619 animas,
1167 3552 1201 3608 et
1215 3546 1346 3629 spiritus
1359 3546 1398 3608 in·

244 3643 436 3710 tellectuales
448 3644 557 3723 factos,
568 3666 698 3731 sponsas
712 3644 834 3711 futuros
848 3646 1033 3731 spiritalium
1042 3647 1241 3735 angelorum:
1260 3650 1398 3714 Demiur-

294 3849 409 3914 ¹Suppl
422 3856 449 3899 et.
851 3851 935 3899 merito
951 3853 1019 3901 deest.
1040 3856 1141 3903 Gnann.
1176 3854 1231 3902 The
1249 3861 1305 3904 text
1322 3870 1399 3919 agraet

293 3927 306 3960 ¹
321 3930 373 3979 'l'he
393 3931 493 3981 Cannu.
512 3933 570 3981 MS.
588 3932 733 3992 bactildem,
751 3934 798 3982 but
851 3934 913 3982 with
924 3935 967 3983 tho
978 3935 1078 3984 Cannu.
1091 3935 1146 3984 Ma

245 4010 364 4060 Garbn’s
377 4011 466 4059 textis
480 4012 591 4060 retained
604 4028 631 4060 as
644 4013 719 4076 being
731 4028 798 4061 more
899 4012 911 4045 ⁴
928 4016 1075 4076 confirmant,
1095 4018 1260 4077 βεβαιοῦνται.

247 4093 324 4156 easily
335 4092 444 4141 restored
456 4092 481 4140 in
494 4093 584 4142 Greek.
899 4098 979 4147 ‘Tho
1005 4100 1088 4147 Greek
1113 4101 1286 4149 construction
1311 4101 1340 4149 of
1363 4100 1400 4149 tbc

296 4174 384 4235 ¹eroe
404 4190 477 4238 caper
498 4174 586 4224 Deum.
628 4176 662 4224 Ia
688 4176 799 4225 ont-itibus
850 4180 963 4243 singular
974 4181 1033 4228 verb
1043 4181 1235 4230 asteraneuter
1245 4183 1335 4246 plural.

246 4257 311 4307 adia
326 4258 425 4320 legitur:
441 4274 497 4322 quoe
510 4259 716 4308 suntadDeum.
751 4259 799 4309 Sed
900 4258 980 4308 lThe
991 4260 1091 4309 Cannu.
1104 4276 1168 4325 copy
1179 4262 1253 4310 reads
1264 4268 1327 4311 arete.

247 4338 276 4387 in
291 4340 363 4389 oderi
379 4340 438 4390 eorl.
453 4338 611 4390 Fencrdentr'i
627 4340 713 4389 etrlIS.
732 4341 795 4392 Voce.
900 4340 1074 4404 ⁷earpolr'utoe,
1094 4357 1122 4390 so
1145 4342 1279 4392 blaesum
1301 4348 1400 4393 correcta

246 4429 306 4472 recte
322 4438 396 4486 super
415 4423 464 4473 loco
483 4423 516 4472 ad
537 4422 631 4486 legitur,
651 4424 799 4487 suffragante
852 4423 967 4473 Guann’s
982 4423 1138 4486 earpolicrtur,¹
1156 4425 1200 4473 tlre
1215 4425 1300 4475 Greek
1315 4426 1401 4485 having

247 4504 423 4566 quodammodo
445 4505 500 4556 Mc.
518 4506 639 4556 Arundel.
662 4506 691 4554 ia
709 4522 754 4570 qao
773 4523 798 4554 rr
852 4506 1044 4562 ἀποδυσαμένους
1061 4508 1105 4554 τὰς
1118 4507 1212 4577 ψυχάς,
1227 4523 1253 4569 p.
1268 4520 1308 4571 59,
1328 4507 1401 4555 where

247 4602 303 4636 eurr
317 4588 386 4651 ripae
403 4588 587 4640 omonimo
602 4597 682 4652 aaut,
702 4598 723 4640 et
739 4594 799 4639 aunt
851 4603 928 4653 many
938 4588 967 4637 of
974 4589 1043 4637 thaso
1054 4594 1131 4637 terma
1142 4604 1184 4637 are
1195 4588 1285 4639 found.
