2954 4986
236 323 302 385 344
635 332 812 386 ΒΟΙΕΝΤΙΑ
837 332 985 396 muner,

100 509 201 591 mall,
303 495 334 557 3.
382 491 416 556 Si
439 496 546 554 autem
568 495 602 552 et
626 487 737 575 aliquis
758 508 820 551 non
838 485 990 551 invenerit
1009 506 1137 550 causam
1164 483 1380 569 omniumque

75 567 220 686 iiiiii*
238 593 446 679 requiruntur,
473 590 591 677 cogitet
619 590 692 676 quia
714 590 808 653 homo
829 598 879 653 est
900 588 933 652 in
955 589 1111 652 infinitum
1134 587 1238 652 minor
1259 587 1336 662 Deo,
1355 598 1383 650 et

80 694 218 780 -Ἓ-
238 696 292 782 qui
307 704 449 781 exparte
469 693 624 779 acceperit
638 693 783 778 gratiam,
799 691 900 778 etqui
923 691 1060 755 nondum
1075 689 1207 777 aequalis
1223 689 1272 753 vel
1285 688 1385 753 similis

237 798 281 862 sit
303 796 423 871 factori,
447 795 550 880 etqui
572 794 710 858 omnium
730 793 953 879 experientiam
976 802 1009 857 et
1032 793 1257 879 cogitationem
1281 791 1386 855 babere

237 921 300 963 non
315 898 424 984 possit,
440 907 476 963 ut
491 897 598 961 Deus:
622 897 679 961 sed
694 896 726 961 in
741 905 892 982 quantum
907 896 1008 960 minor
1029 905 1077 959 est
1098 897 1140 959 ab
1159 917 1198 959 eo
1220 895 1275 980 qui
1295 895 1387 958 lactus

236 1023 301 1071 non
326 1008 385 1077 est,
409 1008 442 1065 et
468 999 521 1085 qui
547 1021 670 1083 semper
694 997 776 1062 idem
799 1005 858 1074 est,
886 998 937 1062 ille
959 998 1011 1083 qui
1045 996 1138 1061 hodie
1166 997 1272 1061 iactus
1292 1006 1340 1059 est
1359 1004 1388 1058 et

238 1102 361 1167 initium
384 1103 512 1167 tacturae
535 1100 666 1185 accepit,
689 1100 721 1163 in
743 1109 867 1165 tantum
892 1101 1062 1164 secundum
1088 1099 1267 1175 scientiam,
1298 1109 1330 1163 et
1353 1098 1389 1162 ad

239 1204 487 1291 investigandum
502 1225 613 1268 causas
627 1202 775 1279 omnium,
791 1202 943 1268 minorem
964 1224 1033 1267 esse
1054 1224 1092 1267 eo
1114 1203 1169 1289 qui
1192 1202 1281 1267 fecit.
1325 1201 1389 1265 Non

238 1309 322 1372 enim
343 1308 477 1371 inlectus
491 1329 535 1384 es,
551 1328 570 1370 ο
584 1306 688 1382 homo,
704 1328 805 1391 neque
819 1327 942 1391 semper
965 1304 1194 1370 ¹coexsistebas
1210 1305 1294 1377 Deo,
1315 1303 1389 1369 sicut

239 1408 397 1495 proprium
414 1409 483 1494 ejus
499 1407 659 1472 Verbum:
683 1407 739 1472 sed
760 1415 887 1493 propter
909 1407 1097 1471 eminentem
1117 1406 1296 1471 bonitatem
1317 1408 1388 1491 ejus,

238 1533 321 1576 nuno
332 1510 455 1574 initium
470 1509 599 1576 facturae
613 1509 780 1597 accipiens,
791 1509 907 1575 sensim
918 1509 1011 1574 discis
1025 1509 1164 1574 aVerbo
1175 1509 1390 1595 dispositiones

239 1614 310 1691 Dei,
327 1614 379 1702 qui
394 1623 426 1679 te
440 1613 523 1681 fecit.

645 1939 746 2005 GAP.
771 1938 989 2063 xxitvlll.

240 2108 402 2184 Osteoaio
436 2108 610 2207 quoniam
640 2108 867 2206 Demiovpue
898 2135 970 2182 non.
1004 2107 1050 2182 ait
1082 2109 1391 2208 supergressv'br'lie

313 2240 437 2317 mente,
459 2253 571 2325 oeque
587 2252 699 2325 stupor
716 2253 797 2301 eam
814 2226 972 2301 altero-m
989 2224 1225 2302 divinitatem
1243 2254 1325 2302 esse.

239 2407 404 2471 Onnmau
433 2428 507 2493 ergo
539 2427 629 2471 serva
656 2415 719 2470 tuae
744 2406 894 2484 scientiae,
917 2414 1011 2471 etue
1033 2408 1246 2474 utbonomm
1268 2409 1391 2497 ignauus

238 2532 331 2595 super
344 2509 546 2574 transcendas
568 2508 670 2594 ipsum
685 2510 798 2586 Deum,
822 2531 884 2573 non
905 2509 989 2574 enim
1010 2511 1179 2577 transibitis
1202 2521 1272 2579 est:
1295 2536 1391 2600 neque

238 2634 331 2697 super
350 2611 557 2698 Demiurgum
579 2611 719 2698 requiras
740 2611 814 2697 quid
838 2612 891 2690 sit,
914 2612 1081 2676 nonenim
1104 2613 1255 2680 invenies.
1304 2616 1390 2680 Inde-

239 2715 442 2779 terminabilis
467 2723 517 2780 est
537 2715 622 2780 enim
644 2715 756 2779 artifex
781 2725 871 2779 tuus:
896 2737 996 2803 neque
1017 2724 1166 2803 tanquam
1188 2718 1275 2783 huno
1292 2727 1390 2784 totum

238 2838 364 2881 mensus
378 2817 431 2891 sis,
447 2826 480 2880 et
494 2826 644 2904 tanquam
666 2818 717 2904 qui
737 2840 792 2903 per
813 2840 937 2882 omnem
952 2821 1020 2905 ejus
1035 2821 1187 2885 fabricam
1207 2822 1339 2899 veneris,
1359 2831 1390 2886 et

238 2941 330 2984 omne
352 2920 434 3006 quod
449 2927 498 2985 est
518 2921 551 2984 in
570 2943 607 2986 eo
622 2922 819 3007 profundum,
842 2930 875 2986 et
895 2922 1102 3002 altitudinem,
1118 2932 1151 2989 et
1166 2924 1389 3011 longitudinem

238 3021 488 3100 consideraveris,
511 3046 604 3108 super
625 3024 727 3110 ipsum
743 3024 837 3088 alium
859 3027 1020 3113 excogites
1035 3034 1168 3113 patrem.
1213 3029 1289 3093 Non
1309 3029 1389 3093 enim

237 3124 442 3211 excogitabis,
465 3125 520 3190 sed
540 3135 650 3191 contra
664 3134 808 3191 naturam
822 3129 971 3208 sentiens,
986 3130 1048 3194 eris
1062 3130 1231 3216 insipiensz
1256 3140 1289 3197 et
1310 3132 1337 3196 si
1359 3132 1388 3195 in

238 3226 297 3292 hoc
306 3228 556 3312 perseveraveris,
571 3228 688 3294 incides
699 3229 730 3292 in
746 3231 906 3309 insaniam,
916 3232 1124 3297 sublimiorem
1139 3234 1275 3320 teipsum
1286 3235 1388 3300 melio

237 3352 365 3417 remque
379 3331 496 3396 factore
510 3340 565 3397 tuo
579 3333 786 3411 exsistimans,
801 3342 835 3398 et
849 3334 950 3420 ²qu0d
965 3344 1159 3422 pertranseas
1173 3358 1272 3424 regua
1285 3340 1361 3424 ejus.

286 3547 296 3579 ¹
314 3548 346 3595 ln
357 3547 461 3596 allusion
473 3552 499 3594 to
511 3547 554 3595 the
561 3547 636 3606 AEon,
644 3545 790 3609 Ἄνθρωπος,
840 3547 1009 3597 memcdlirder
1031 3548 1111 3609 Fovvn,
1129 3549 1173 3598 scie
1190 3549 1237 3599 doe
1255 3551 1330 3600 hebra
1351 3551 1389 3600 da

238 3630 281 3677 the
300 3628 383 3677 Adam
404 3627 514 3676 (ladmen
528 3628 557 3675 of
571 3628 613 3676 tbe
631 3627 748 3687 Cabbala,
765 3645 790 3692 p.
839 3629 994 3690 vodorpmeo
1019 3629 1094 3678 Getta
1117 3630 1170 3679 dem
1193 3632 1323 3682 Moneta»
1344 3648 1390 3679 aar

241 3725 295 3772 134,
308 3727 333 3759 n.
348 3725 369 3759 a.
405 3710 438 3758 So
457 3709 627 3757 leronvrvs
638 3724 695 3772 says
706 3709 735 3756 ol
749 3710 792 3757 the
842 3709 904 3758 nolte
921 3710 1032 3771 gebracht
1043 3711 1136 3760 werden
1146 3711 1276 3762 cumin
1290 3714 1388 3763 menard·

238 3792 378 3840 Naaasenee
399 3805 427 3839 er
449 3790 568 3854 Ophites:
594 3789 736 3848 Ναασσηνοὶ
754 3792 792 3838 61-
841 3790 917 3839 lr'clrrr
928 3792 1050 3843 Fam...
1063 3793 1115 3841 Der
1129 3796 1306 3855 Adporwurde
1316 3797 1389 3846 daber

239 3874 333 3934 θρωπον
355 3873 454 3920 καλοῦσι
477 3873 521 3929 τὴν
543 3872 640 3933 πρώτην
661 3872 709 3918 τῶν
730 3874 793 3920 ὅλων
840 3874 1077 3935 capemterruladoa
1092 3875 1387 3941 Urmlddarrrermtleir,

239 3955 323 4015 ἀρχὴν,
333 3955 374 4001 τὸν
382 3951 500 4000 αὐτὸνκαὶ
512 3954 559 4001 υἱὸν
570 3954 701 4013 ἀνθρώπου.
720 3952 790 4003 Phil.
841 3954 885 4003 der
907 3956 1059 4018 Mittelpuact
1081 3957 1144 4006 aller
1167 3958 1334 4025 Offevrbomnp
1353 3963 1391 4011 dea

239 4047 265 4083 x.
279 4049 303 4098 9.
339 4034 424 4082 enno
441 4034 493 4082 mo
510 4034 652 4082 uawsrom
668 4034 710 4083 ue
724 4050 792 4083 ame
838 4037 965 4098 quoram
983 4039 1079 4098 nam,
1099 4039 1145 4089 aa
1165 4028 1252 4091 roasa·
1266 4045 1391 4094 arerem:

238 4133 332 4176 source,
352 4133 379 4164 aa
397 4116 532 4164 Naarvuaa
549 4118 594 4165 lma
612 4121 657 4166 not
672 4117 746 4166 failed
764 4123 791 4167 to
842 4119 895 4167 und
922 4120 1123 4171 indomitatem
1150 4124 1268 4173 melcina
1296 4128 1325 4176 io
1351 4128 1392 4176 der

238 4200 348 4248 observa.
383 4198 435 4247 Der
447 4199 547 4247 Μωυσῆ
561 4199 592 4246 ist
605 4199 656 4247 aleo
671 4198 717 4247 doe
728 4200 792 4249 Bild
842 4200 995 4261 Mareellrev't,
1005 4202 1050 4251 der
1058 4204 1390 4266 Atyosateodert'rmt

238 4279 291 4327 rand
302 4281 346 4328 der
356 4279 473 4329 Abdrroek
483 4279 546 4329 eima
561 4279 728 4329 trimmlr'eclren
738 4281 792 4329 arod
840 4282 990 4333 timmtieclte
1001 4284 1107 4346 Mouet,
1121 4286 1192 4336 Zeclr.
1205 4289 1239 4338 vi.
1252 4304 1281 4338 rr
1296 4291 1325 4340 ist
1336 4291 1392 4340 teia

236 4359 324 4421 nomm
338 4361 487 4421 Offorbama
501 4360 546 4409 der
558 4360 712 4423 commen
729 4360 790 4411 Gott-
840 4362 1262 4426 Plilollauptatellefrlrdioeeldee.
1273 4370 1390 4420 omre.

237 4440 292 4502 loeit,
317 4442 364 4491 doe
386 4442 547 4492 umbreae
573 4443 619 4490 soll
646 4443 792 4506 verpdttlv'cbt
844 4457 880 4506 15.
910 4445 968 4493 Eva
977 4446 1056 4495 alsoia
1066 4449 1126 4507 Ζωή.
1140 4449 1205 4499 Gen.
1215 4451 1249 4501 iii.
1260 4466 1300 4511 ro,
1311 4452 1390 4501 Lxx.

236 4522 336 4579 under,
353 4523 514 4585 Offenbonrnp
522 4523 648 4586 pellicien
659 4524 749 4573 Lobmr
763 4525 791 4572 io
889 4525 901 4556 '
918 4528 957 4575 vat
969 4527 1152 4590 ὑπερβαίνοντα.
