<?xml version="1.0" encoding="UTF-8"?>
<!DOCTYPE html PUBLIC "-//W3C//DTD XHTML 1.0 Transitional//EN"
    "http://www.w3.org/TR/xhtml1/DTD/xhtml1-transitional.dtd">
<html xmlns="http://www.w3.org/1999/xhtml" xml:lang="en" lang="en">
 <head>
  <title>
</title>
<meta http-equiv="Content-Type" content="text/html;charset=utf-8" />
  <meta name='ocr-system' content='tesseract 3.04.00' />
  <meta name='ocr-capabilities' content='ocr_page ocr_carea ocr_par ocr_line ocrx_word'/>
</head>
<body>
  <div class='ocr_page' id='page_1' title='image "./sanctiirenaeiep01harvgoog_0369.png"; bbox 0 0 2954 4986; ppageno 0'>
   <div class='ocr_carea' id='block_1_1' title="bbox 514 351 1227 420">
    <p class='ocr_par' dir='ltr' id='par_1_1' title="bbox 514 351 1227 420">
     <span class='ocr_line' id='line_1_1' title="bbox 514 351 1227 420; baseline -0.01 0"><span class='ocrx_word' id='word_1_1' title='bbox 514 364 800 420; x_wconf 73' lang='lat' dir='ltr'>cassanrsrch.</span> <span class='ocrx_word' id='word_1_2' title='bbox 1163 351 1227 414; x_wconf 83' lang='grc'>149</span> 
     </span>
    </p>
   </div>
   <div class='ocr_carea' id='block_1_2' title="bbox 71 517 1393 672">
    <p class='ocr_par' dir='ltr' id='par_1_2' title="bbox 71 517 1393 672">
     <span class='ocr_line' id='line_1_2' title="bbox 71 517 1391 630; baseline -0.005 -33"><span class='ocrx_word' id='word_1_3' title='bbox 71 535 149 603; x_wconf 85' lang='grc' dir='ltr'>τοῖς</span> <span class='ocrx_word' id='word_1_4' title='bbox 168 527 246 601; x_wconf 86' lang='grc' dir='ltr'>υίοῖς</span> <span class='ocrx_word' id='word_1_5' title='bbox 266 519 348 630; x_wconf 81' lang='grc' dir='ltr'>[τὸν</span> <span class='ocrx_word' id='word_1_6' title='bbox 364 517 461 628; x_wconf 82' lang='grc' dir='ltr'>υίόν],</span> <span class='ocrx_word' id='word_1_7' title='bbox 488 525 521 595; x_wconf 90' lang='grc' dir='ltr'>ε’ν</span> <span class='ocrx_word' id='word_1_8' title='bbox 540 524 660 617; x_wconf 77' lang='grc' dir='ltr'><em>ἀγνοίᾳ</em></span> <span class='ocrx_word' id='word_1_9' title='bbox 688 531 804 617; x_wconf 85' lang='grc' dir='ltr'>πολλῆ</span> <span class='ocrx_word' id='word_1_10' title='bbox 829 526 978 621; x_wconf 76' lang='grc' dir='ltr'>ὑπῆρχον</span> <span class='ocrx_word' id='word_1_11' title='bbox 1005 525 1038 594; x_wconf 85' lang='grc' dir='ltr'>οἱ</span> <span class='ocrx_word' id='word_1_12' title='bbox 1061 521 1228 622; x_wconf 81' lang='grc' dir='ltr'>ἅνθρωποι</span> <span class='ocrx_word' id='word_1_13' title='bbox 1243 538 1391 624; x_wconf 54' lang='lat' dir='ltr'>gfflffit</span> 
     </span>
     <span class='ocr_line' id='line_1_3' title="bbox 1195 632 1393 672; baseline -0.015 1"><span class='ocrx_word' id='word_1_14' title='bbox 1195 634 1208 664; x_wconf 72' lang='lat'>2⁸</span> <span class='ocrx_word' id='word_1_15' title='bbox 1241 632 1393 672; x_wconf 54' lang='grc' dir='ltr'>Μηδικαὶ.</span> 
     </span>
    </p>
   </div>
   <div class='ocr_carea' id='block_1_3' title="bbox 1194 667 1392 718">
    <p class='ocr_par' dir='ltr' id='par_1_3' title="bbox 1194 667 1392 718">
     <span class='ocr_line' id='line_1_4' title="bbox 1194 667 1392 718; baseline 0 -12"><span class='ocrx_word' id='word_1_16' title='bbox 1194 667 1392 718; x_wconf 54' lang='lat'>09—-</span> 
     </span>
    </p>
   </div>
   <div class='ocr_carea' id='block_1_4' title="bbox 74 632 1231 1748">
    <p class='ocr_par' dir='ltr' id='par_1_4' title="bbox 74 632 1231 1748">
     <span class='ocr_line' id='line_1_5' title="bbox 74 632 1173 736; baseline -0.002 -28"><span class='ocrx_word' id='word_1_17' title='bbox 74 639 131 709; x_wconf 77' lang='grc' dir='ltr'>καί</span> <span class='ocrx_word' id='word_1_18' title='bbox 158 635 277 731; x_wconf 78' lang='grc' dir='ltr'>πλάνη.</span> <span class='ocrx_word' id='word_1_19' title='bbox 310 632 401 708; x_wconf 88' lang='grc' dir='ltr'>Ὅτε</span> <span class='ocrx_word' id='word_1_20' title='bbox 426 635 460 707; x_wconf 76' lang='lat' dir='ltr'>di</span> <span class='ocrx_word' id='word_1_21' title='bbox 486 639 676 736; x_wconf 77' lang='grc' dir='ltr'>ἐφανερώθη</span> <span class='ocrx_word' id='word_1_22' title='bbox 698 635 742 708; x_wconf 81' lang='grc' dir='ltr'>τὸ</span> <span class='ocrx_word' id='word_1_23' title='bbox 767 633 1031 735; x_wconf 77' lang='grc' dir='ltr'>ἑξαγρᾶμματον</span> <span class='ocrx_word' id='word_1_24' title='bbox 1060 637 1173 720; x_wconf 80' lang='grc' dir='ltr'>ὄνομα,</span> 
     </span>
     <span class='ocr_line' id='line_1_6' title="bbox 75 746 1230 850; baseline -0.003 -29"><span class='ocrx_word' id='word_1_25' title='bbox 75 749 188 850; x_wconf 78' lang='grc' dir='ltr'>σάρκα</span> <span class='ocrx_word' id='word_1_26' title='bbox 227 746 486 848; x_wconf 75' lang='grc' dir='ltr'>περιεβάλλετο,</span> <span class='ocrx_word' id='word_1_27' title='bbox 515 751 567 820; x_wconf 80' lang='grc' dir='ltr'>’ίνα</span> <span class='ocrx_word' id='word_1_28' title='bbox 601 753 644 827; x_wconf 86' lang='grc' dir='ltr'>είς</span> <span class='ocrx_word' id='word_1_29' title='bbox 675 750 736 833; x_wconf 88' lang='grc' dir='ltr'>τῆν</span> <span class='ocrx_word' id='word_1_30' title='bbox 764 750 920 830; x_wconf 78' lang='grc' dir='ltr'>αἴσθησιν</span> <span class='ocrx_word' id='word_1_31' title='bbox 954 753 1018 820; x_wconf 76' lang='grc' dir='ltr'>τοῦ</span> <span class='ocrx_word' id='word_1_32' title='bbox 1053 747 1230 847; x_wconf 83' lang='grc' dir='ltr'>ἇνθρώπου</span> 
     </span>
     <span class='ocr_line' id='line_1_7' title="bbox 75 858 1228 960; baseline -0.003 -27"><span class='ocrx_word' id='word_1_33' title='bbox 75 864 234 955; x_wconf 84' lang='grc' dir='ltr'>κατέλθη,</span> <span class='ocrx_word' id='word_1_34' title='bbox 263 863 348 958; x_wconf 80' lang='grc' dir='ltr'>ἔχων</span> <span class='ocrx_word' id='word_1_35' title='bbox 372 863 405 931; x_wconf 80' lang='grc' dir='ltr'>ἐν</span> <span class='ocrx_word' id='word_1_36' title='bbox 427 864 532 951; x_wconf 81' lang='grc' dir='ltr'>ἕαυτῷ</span> <span class='ocrx_word' id='word_1_37' title='bbox 559 860 643 935; x_wconf 64' lang='lat' dir='ltr'>alr&amp;</span> <span class='ocrx_word' id='word_1_38' title='bbox 669 860 715 934; x_wconf 77' lang='grc' dir='ltr'>τὰ</span> <span class='ocrx_word' id='word_1_39' title='bbox 741 859 783 955; x_wconf 69' lang='grc' dir='ltr'>ἓξ</span> <span class='ocrx_word' id='word_1_40' title='bbox 807 861 861 932; x_wconf 79' lang='grc' dir='ltr'>καί</span> <span class='ocrx_word' id='word_1_41' title='bbox 887 858 932 933; x_wconf 77' lang='grc' dir='ltr'>τὰ</span> <span class='ocrx_word' id='word_1_42' title='bbox 959 863 1228 960; x_wconf 76' lang='grc' dir='ltr'>εἰκοσιτέσσαρα,</span> 
     </span>
     <span class='ocr_line' id='line_1_8' title="bbox 75 970 1230 1066; baseline -0.002 -20"><span class='ocrx_word' id='word_1_43' title='bbox 75 977 161 1047; x_wconf 85' lang='grc' dir='ltr'>τότε</span> <span class='ocrx_word' id='word_1_44' title='bbox 189 975 325 1066; x_wconf 87' lang='grc' dir='ltr'>γνόντες</span> <span class='ocrx_word' id='word_1_45' title='bbox 351 973 452 1046; x_wconf 64' lang='grc' dir='ltr'>αὑτὸν</span> <span class='ocrx_word' id='word_1_46' title='bbox 477 976 667 1047; x_wconf 78' lang='grc' dir='ltr'>ἐπαύσαντο</span> <span class='ocrx_word' id='word_1_47' title='bbox 694 982 753 1058; x_wconf 84' lang='grc' dir='ltr'>τῆς</span> <span class='ocrx_word' id='word_1_48' title='bbox 778 974 923 1066; x_wconf 76' lang='grc' dir='ltr'>ἀγνοίας,</span> <span class='ocrx_word' id='word_1_49' title='bbox 954 975 988 1044; x_wconf 75' lang='grc' dir='ltr'>ἐκ</span> <span class='ocrx_word' id='word_1_50' title='bbox 1023 970 1169 1045; x_wconf 73' lang='grc' dir='ltr'>θανᾶτου</span> <span class='ocrx_word' id='word_1_51' title='bbox 1195 971 1230 1044; x_wconf 77' lang='lat' dir='ltr'>di</span> 
     </span>
     <span class='ocr_line' id='line_1_9' title="bbox 76 1085 1230 1187; baseline 0 -30"><span class='ocrx_word' id='word_1_52' title='bbox 76 1090 121 1164; x_wconf 83' lang='grc' dir='ltr'>είς</span> <span class='ocrx_word' id='word_1_53' title='bbox 152 1086 234 1187; x_wconf 76' lang='grc' dir='ltr'>ζαῆν</span> <span class='ocrx_word' id='word_1_54' title='bbox 265 1087 416 1171; x_wconf 84' lang='grc' dir='ltr'>ἆνῆλθον,</span> <span class='ocrx_word' id='word_1_55' title='bbox 447 1093 510 1160; x_wconf 77' lang='grc' dir='ltr'>τοῦ</span> <span class='ocrx_word' id='word_1_56' title='bbox 543 1089 706 1170; x_wconf 84' lang='grc' dir='ltr'>ὀνόματος</span> <span class='ocrx_word' id='word_1_57' title='bbox 740 1088 851 1164; x_wconf 84' lang='grc' dir='ltr'>αὗτοῖς</span> <span class='ocrx_word' id='word_1_58' title='bbox 886 1085 984 1158; x_wconf 61' lang='grc' dir='ltr'>Ῑὸθοῆ</span> <span class='ocrx_word' id='word_1_59' title='bbox 1019 1087 1230 1179; x_wconf 74' lang='grc' dir='ltr'>γεννηθέντος</span> 
     </span>
     <span class='ocr_line' id='line_1_10' title="bbox 76 1197 1229 1298; baseline 0 -29"><span class='ocrx_word' id='word_1_60' title='bbox 76 1199 163 1298; x_wconf 80' lang='grc' dir='ltr'>πρὸς</span> <span class='ocrx_word' id='word_1_61' title='bbox 179 1198 240 1271; x_wconf 77' lang='grc' dir='ltr'>τὸν</span> <span class='ocrx_word' id='word_1_62' title='bbox 261 1199 404 1297; x_wconf 85' lang='grc' dir='ltr'>Πατέρα</span> <span class='ocrx_word' id='word_1_63' title='bbox 419 1202 479 1282; x_wconf 85' lang='grc' dir='ltr'>τῆς</span> <span class='ocrx_word' id='word_1_64' title='bbox 493 1200 655 1282; x_wconf 78' lang='grc' dir='ltr'>ἀληθείας.</span> <span class='ocrx_word' id='word_1_65' title='bbox 683 1199 901 1282; x_wconf 80' lang='grc' dir='ltr'>Τεθεληκέναι</span> <span class='ocrx_word' id='word_1_66' title='bbox 920 1197 989 1298; x_wconf 81' lang='grc' dir='ltr'>γὰρ</span> <span class='ocrx_word' id='word_1_67' title='bbox 1006 1198 1068 1271; x_wconf 79' lang='grc' dir='ltr'>τὸν</span> <span class='ocrx_word' id='word_1_68' title='bbox 1083 1198 1229 1298; x_wconf 86' lang='grc' dir='ltr'>Πατέρα</span> 
     </span>
     <span class='ocr_line' id='line_1_11' title="bbox 75 1309 1228 1403; baseline -0.002 -21"><span class='ocrx_word' id='word_1_69' title='bbox 75 1317 144 1383; x_wconf 76' lang='grc' dir='ltr'>τῶν</span> <span class='ocrx_word' id='word_1_70' title='bbox 181 1312 268 1382; x_wconf 80' lang='grc' dir='ltr'>ὅλων</span> <span class='ocrx_word' id='word_1_71' title='bbox 295 1317 395 1382; x_wconf 80' lang='grc' dir='ltr'>λῦσαι</span> <span class='ocrx_word' id='word_1_72' title='bbox 432 1312 493 1395; x_wconf 86' lang='grc' dir='ltr'>τῆν</span> <span class='ocrx_word' id='word_1_73' title='bbox 522 1310 668 1403; x_wconf 79' lang='grc' dir='ltr'>ἄγνοιαν,</span> <span class='ocrx_word' id='word_1_74' title='bbox 704 1313 757 1382; x_wconf 83' lang='grc' dir='ltr'>καί</span> <span class='ocrx_word' id='word_1_75' title='bbox 791 1316 941 1383; x_wconf 82' lang='grc' dir='ltr'>καθελεῖν</span> <span class='ocrx_word' id='word_1_76' title='bbox 973 1309 1035 1383; x_wconf 78' lang='grc' dir='ltr'>τὸν</span> <span class='ocrx_word' id='word_1_77' title='bbox 1073 1312 1228 1383; x_wconf 80' lang='grc' dir='ltr'>θάνατον.</span> 
     </span>
     <span class='ocr_line' id='line_1_12' title="bbox 77 1421 1230 1516; baseline 0 -21"><span class='ocrx_word' id='word_1_78' title='bbox 77 1424 238 1516; x_wconf 87' lang='grc' dir='ltr'>Ἀγνοίας</span> <span class='ocrx_word' id='word_1_79' title='bbox 259 1421 294 1494; x_wconf 76' lang='grc' dir='ltr'>δὲ</span> <span class='ocrx_word' id='word_1_80' title='bbox 312 1425 405 1501; x_wconf 79' lang='grc' dir='ltr'>λύσις</span> <span class='ocrx_word' id='word_1_81' title='bbox 424 1428 442 1507; x_wconf 90' lang='grc' dir='ltr'>ῆ</span> <span class='ocrx_word' id='word_1_82' title='bbox 462 1424 638 1515; x_wconf 75' lang='grc' dir='ltr'>ἐπίγνωσις</span> <span class='ocrx_word' id='word_1_83' title='bbox 658 1425 760 1496; x_wconf 73' lang='grc' dir='ltr'>αὐτοῦ</span> <span class='ocrx_word' id='word_1_84' title='bbox 779 1424 919 1516; x_wconf 88' lang='grc' dir='ltr'>ε’γίνετο.</span> <span class='ocrx_word' id='word_1_85' title='bbox 961 1422 1032 1495; x_wconf 77' lang='grc' dir='ltr'>Καὶ</span> <span class='ocrx_word' id='word_1_86' title='bbox 1052 1421 1105 1494; x_wconf 75' lang='grc' dir='ltr'>διὰ</span> <span class='ocrx_word' id='word_1_87' title='bbox 1123 1429 1230 1497; x_wconf 77' lang='grc' dir='ltr'>τοῦτο</span> 
     </span>
     <span class='ocr_line' id='line_1_13' title="bbox 77 1534 1231 1632; baseline -0.001 -25"><span class='ocrx_word' id='word_1_88' title='bbox 77 1538 273 1632; x_wconf 74' lang='grc' dir='ltr'>ἐκλεχθῆναι</span> <span class='ocrx_word' id='word_1_89' title='bbox 300 1534 361 1607; x_wconf 79' lang='grc' dir='ltr'>τὸν</span> <span class='ocrx_word' id='word_1_90' title='bbox 387 1535 474 1608; x_wconf 78' lang='grc' dir='ltr'>κατὰ</span> <span class='ocrx_word' id='word_1_91' title='bbox 502 1535 547 1608; x_wconf 77' lang='grc' dir='ltr'>τὸ</span> <span class='ocrx_word' id='word_1_92' title='bbox 577 1539 704 1622; x_wconf 81' lang='grc' dir='ltr'>θέλημα</span> <span class='ocrx_word' id='word_1_93' title='bbox 724 1538 826 1609; x_wconf 71' lang='grc' dir='ltr'>αὐτοῦ</span> <span class='ocrx_word' id='word_1_94' title='bbox 843 1538 919 1608; x_wconf 87' lang='grc' dir='ltr'>κατ’</span> <span class='ocrx_word' id='word_1_95' title='bbox 937 1537 1044 1608; x_wconf 78' lang='grc' dir='ltr'>εἰκόνα</span> <span class='ocrx_word' id='word_1_96' title='bbox 1066 1540 1144 1619; x_wconf 61' lang='grc' dir='ltr'>’τῆς</span> <span class='ocrx_word' id='word_1_97' title='bbox 1166 1535 1231 1608; x_wconf 80' lang='grc' dir='ltr'>ἅνιο</span> 
     </span>
     <span class='ocr_line' id='line_1_14' title="bbox 79 1648 739 1748; baseline 0 -28"><span class='ocrx_word' id='word_1_98' title='bbox 79 1648 238 1732; x_wconf 72' lang='grc' dir='ltr'>δυνάμεως</span> <span class='ocrx_word' id='word_1_99' title='bbox 253 1650 507 1732; x_wconf 81' lang='grc' dir='ltr'>οίκονομηθέντα</span> <span class='ocrx_word' id='word_1_100' title='bbox 524 1649 739 1748; x_wconf 81' lang='grc' dir='ltr'>Ἀνθρωπον.</span> 
     </span>
    </p>
   </div>
   <div class='ocr_carea' id='block_1_5' title="bbox 10 1758 1231 1978">
    <p class='ocr_par' dir='ltr' id='par_1_5' title="bbox 10 1758 1231 1978">
     <span class='ocr_line' id='line_1_15' title="bbox 11 1758 1231 1862; baseline 0 -32"><span class='ocrx_word' id='word_1_101' title='bbox 11 1787 47 1831; x_wconf 79' lang='grc' dir='ltr'>π.</span> <span class='ocrx_word' id='word_1_102' title='bbox 163 1782 219 1850; x_wconf 87' lang='lat'>14.</span> <span class='ocrx_word' id='word_1_103' title='bbox 269 1760 364 1833; x_wconf 77' lang='grc' dir='ltr'>Ἀπὸ</span> <span class='ocrx_word' id='word_1_104' title='bbox 392 1761 554 1861; x_wconf 76' lang='grc' dir='ltr'>τετράδος</span> <span class='ocrx_word' id='word_1_105' title='bbox 584 1761 652 1862; x_wconf 82' lang='grc' dir='ltr'>γὰρ</span> <span class='ocrx_word' id='word_1_106' title='bbox 676 1765 848 1860; x_wconf 75' lang='grc' dir='ltr'>προῆλθον</span> <span class='ocrx_word' id='word_1_107' title='bbox 870 1763 903 1832; x_wconf 86' lang='lat' dir='ltr'>oi</span> <span class='ocrx_word' id='word_1_108' title='bbox 921 1760 1054 1837; x_wconf 83' lang='grc' dir='ltr'>Αίῶνες.</span> <span class='ocrx_word' id='word_1_109' title='bbox 1104 1760 1178 1830; x_wconf 83' lang='grc' dir='ltr'>Ἢν</span> <span class='ocrx_word' id='word_1_110' title='bbox 1196 1758 1231 1831; x_wconf 77' lang='grc' dir='ltr'>δὲ</span> 
     </span>
     <span class='ocr_line' id='line_1_16' title="bbox 10 1856 1230 1978; baseline -0.002 -34"><span class='ocrx_word' id='word_1_111' title='bbox 10 1856 56 1978; x_wconf 57' lang='grc' dir='ltr'>Ξ*</span> <span class='ocrx_word' id='word_1_112' title='bbox 80 1875 115 1944; x_wconf 77' lang='grc' dir='ltr'>έν</span> <span class='ocrx_word' id='word_1_113' title='bbox 142 1876 185 1966; x_wconf 82' lang='grc' dir='ltr'>πῆ</span> <span class='ocrx_word' id='word_1_114' title='bbox 211 1872 349 1972; x_wconf 77' lang='grc' dir='ltr'>τετράδι</span> <span class='ocrx_word' id='word_1_115' title='bbox 372 1874 576 1974; x_wconf 77' lang='grc' dir='ltr'>Ἀνθρωπος</span> <span class='ocrx_word' id='word_1_116' title='bbox 604 1875 658 1946; x_wconf 80' lang='grc' dir='ltr'>καί</span> <span class='ocrx_word' id='word_1_117' title='bbox 691 1874 886 1958; x_wconf 86' lang='grc' dir='ltr'>Ἐκκλησία,</span> <span class='ocrx_word' id='word_1_118' title='bbox 919 1872 1040 1964; x_wconf 86' lang='grc' dir='ltr'>Λόγος</span> <span class='ocrx_word' id='word_1_119' title='bbox 1064 1872 1118 1944; x_wconf 81' lang='grc' dir='ltr'>καί</span> <span class='ocrx_word' id='word_1_120' title='bbox 1146 1872 1230 1955; x_wconf 79' lang='grc' dir='ltr'>Ζωῆ.</span> 
     </span>
    </p>
   </div>
   <div class='ocr_carea' id='block_1_6' title="bbox 78 1983 1233 2198">
    <p class='ocr_par' dir='ltr' id='par_1_6' title="bbox 78 1983 1233 2198">
     <span class='ocr_line' id='line_1_17' title="bbox 78 1983 1233 2087; baseline -0.003 -30"><span class='ocrx_word' id='word_1_121' title='bbox 78 1984 175 2057; x_wconf 79' lang='grc' dir='ltr'>Ἀπὸ</span> <span class='ocrx_word' id='word_1_122' title='bbox 202 1987 330 2057; x_wconf 85' lang='grc' dir='ltr'>ποιίπιον</span> <span class='ocrx_word' id='word_1_123' title='bbox 358 1983 412 2057; x_wconf 72' lang='grc' dir='ltr'>οὖν</span> <span class='ocrx_word' id='word_1_124' title='bbox 441 1984 595 2071; x_wconf 73' lang='grc' dir='ltr'>δυνάμεις,</span> <span class='ocrx_word' id='word_1_125' title='bbox 626 1986 739 2087; x_wconf 82' lang='grc' dir='ltr'>φησίν,</span> <span class='ocrx_word' id='word_1_126' title='bbox 772 1987 999 2085; x_wconf 85' lang='grc' dir='ltr'>ἇποῤῥυεῖσαι,</span> <span class='ocrx_word' id='word_1_127' title='bbox 1028 1986 1233 2084; x_wconf 84' lang='grc' dir='ltr'>ε’γενεσιοῦρ-</span> 
     </span>
     <span class='ocr_line' id='line_1_18' title="bbox 79 2095 1232 2198; baseline 0 -30"><span class='ocrx_word' id='word_1_128' title='bbox 79 2127 191 2191; x_wconf 87' lang='grc' dir='ltr'>γησαν</span> <span class='ocrx_word' id='word_1_129' title='bbox 215 2095 278 2169; x_wconf 76' lang='grc' dir='ltr'>τὸν</span> <span class='ocrx_word' id='word_1_130' title='bbox 301 2097 355 2168; x_wconf 77' lang='grc' dir='ltr'>ἐπὶ</span> <span class='ocrx_word' id='word_1_131' title='bbox 386 2106 445 2190; x_wconf 86' lang='grc' dir='ltr'>γῆς</span> <span class='ocrx_word' id='word_1_132' title='bbox 469 2101 618 2198; x_wconf 81' lang='grc' dir='ltr'>φανέντα</span> <span class='ocrx_word' id='word_1_133' title='bbox 645 2099 784 2182; x_wconf 82' lang='grc' dir='ltr'>Ἰησοῦν.</span> <span class='ocrx_word' id='word_1_134' title='bbox 827 2097 898 2169; x_wconf 76' lang='lat' dir='ltr'>Kal</span> <span class='ocrx_word' id='word_1_135' title='bbox 927 2103 990 2169; x_wconf 75' lang='grc' dir='ltr'>τοῦ</span> <span class='ocrx_word' id='word_1_136' title='bbox 1017 2095 1077 2182; x_wconf 72' lang='grc' dir='ltr'>μὲν</span> <span class='ocrx_word' id='word_1_137' title='bbox 1109 2096 1232 2191; x_wconf 87' lang='grc' dir='ltr'>Λόγου</span> 
     </span>
    </p>
   </div>
   <div class='ocr_carea' id='block_1_7' title="bbox 78 2293 1396 3677">
    <p class='ocr_par' dir='ltr' id='par_1_7' title="bbox 78 2293 1396 3278">
     <span class='ocr_line' id='line_1_19' title="bbox 78 2293 1232 2362; baseline -0.002 -2"><span class='ocrx_word' id='word_1_138' title='bbox 78 2296 209 2360; x_wconf 79' lang='lat' dir='ltr'>fuerunt</span> <span class='ocrx_word' id='word_1_139' title='bbox 233 2295 377 2361; x_wconf 87' lang='lat' dir='ltr'>homines</span> <span class='ocrx_word' id='word_1_140' title='bbox 400 2303 434 2361; x_wconf 91' lang='lat' dir='ltr'>et</span> <span class='ocrx_word' id='word_1_141' title='bbox 459 2317 575 2361; x_wconf 89' lang='lat' dir='ltr'>errore.</span> <span class='ocrx_word' id='word_1_142' title='bbox 628 2295 707 2362; x_wconf 84' lang='lat' dir='ltr'>Cum</span> <span class='ocrx_word' id='word_1_143' title='bbox 731 2301 841 2360; x_wconf 90' lang='lat' dir='ltr'>autem</span> <span class='ocrx_word' id='word_1_144' title='bbox 866 2293 1105 2358; x_wconf 82' lang='lat' dir='ltr'>manifestatum</span> <span class='ocrx_word' id='word_1_145' title='bbox 1131 2300 1181 2358; x_wconf 89' lang='lat' dir='ltr'>cst</span> <span class='ocrx_word' id='word_1_146' title='bbox 1200 2314 1232 2358; x_wconf 85' lang='lat' dir='ltr'>vr</span> 
     </span>
     <span class='ocr_line' id='line_1_20' title="bbox 78 2393 1231 2481; baseline -0.001 -22"><span class='ocrx_word' id='word_1_147' title='bbox 78 2395 245 2460; x_wconf 89' lang='lat' dir='ltr'>literarum</span> <span class='ocrx_word' id='word_1_148' title='bbox 262 2417 387 2471; x_wconf 89' lang='lat' dir='ltr'>nornen,</span> <span class='ocrx_word' id='word_1_149' title='bbox 409 2397 469 2461; x_wconf 89' lang='lat' dir='ltr'>hoe</span> <span class='ocrx_word' id='word_1_150' title='bbox 489 2396 575 2481; x_wconf 92' lang='lat' dir='ltr'>quod</span> <span class='ocrx_word' id='word_1_151' title='bbox 592 2403 642 2460; x_wconf 90' lang='lat' dir='ltr'>est</span> <span class='ocrx_word' id='word_1_152' title='bbox 662 2394 836 2460; x_wconf 87' lang='lat' dir='ltr'>secuudum</span> <span class='ocrx_word' id='word_1_153' title='bbox 856 2415 984 2459; x_wconf 89' lang='lat' dir='ltr'>carnem</span> <span class='ocrx_word' id='word_1_154' title='bbox 1003 2393 1154 2458; x_wconf 88' lang='lat' dir='ltr'>amictum</span> <span class='ocrx_word' id='word_1_155' title='bbox 1172 2402 1231 2468; x_wconf 91' lang='lat' dir='ltr'>est,</span> 
     </span>
     <span class='ocr_line' id='line_1_21' title="bbox 79 2493 1233 2578; baseline -0.003 -19"><span class='ocrx_word' id='word_1_156' title='bbox 79 2500 118 2559; x_wconf 91' lang='lat' dir='ltr'>nt</span> <span class='ocrx_word' id='word_1_157' title='bbox 139 2496 181 2559; x_wconf 90' lang='lat' dir='ltr'>ad</span> <span class='ocrx_word' id='word_1_158' title='bbox 201 2495 443 2560; x_wconf 72' lang='lat' dir='ltr'><strong>sensibilitatem</strong></span> <span class='ocrx_word' id='word_1_159' title='bbox 470 2495 605 2560; x_wconf 89' lang='lat' dir='ltr'>hominis</span> <span class='ocrx_word' id='word_1_160' title='bbox 629 2494 847 2575; x_wconf 78' lang='lat' dir='ltr'>descenderet,</span> <span class='ocrx_word' id='word_1_161' title='bbox 868 2494 989 2558; x_wconf 87' lang='lat' dir='ltr'>hahens</span> <span class='ocrx_word' id='word_1_162' title='bbox 1008 2493 1042 2557; x_wconf 93' lang='lat' dir='ltr'>in</span> <span class='ocrx_word' id='word_1_163' title='bbox 1061 2493 1233 2578; x_wconf 86' lang='lat' dir='ltr'>semetipso</span> 
     </span>
     <span class='ocr_line' id='line_1_22' title="bbox 79 2593 1234 2681; baseline -0.001 -23"><span class='ocrx_word' id='word_1_164' title='bbox 79 2593 185 2680; x_wconf 91' lang='lat' dir='ltr'>ipsum</span> <span class='ocrx_word' id='word_1_165' title='bbox 202 2616 327 2680; x_wconf 91' lang='lat' dir='ltr'>quoque</span> <span class='ocrx_word' id='word_1_166' title='bbox 344 2618 379 2658; x_wconf 85' lang='lat' dir='ltr'>vr</span> <span class='ocrx_word' id='word_1_167' title='bbox 395 2603 429 2661; x_wconf 89' lang='lat' dir='ltr'>et</span> <span class='ocrx_word' id='word_1_168' title='bbox 442 2594 555 2681; x_wconf 85' lang='lat' dir='ltr'>viginti</span> <span class='ocrx_word' id='word_1_169' title='bbox 574 2602 726 2680; x_wconf 89' lang='lat' dir='ltr'>quatuor;</span> <span class='ocrx_word' id='word_1_170' title='bbox 745 2601 823 2660; x_wconf 86' lang='lat' dir='ltr'>tunc</span> <span class='ocrx_word' id='word_1_171' title='bbox 840 2601 1065 2681; x_wconf 76' lang='lat' dir='ltr'>cognoscentes</span> <span class='ocrx_word' id='word_1_172' title='bbox 1079 2614 1152 2657; x_wconf 90' lang='lat' dir='ltr'>eum</span> <span class='ocrx_word' id='word_1_173' title='bbox 1168 2615 1234 2657; x_wconf 91' lang='lat' dir='ltr'>css-</span> 
     </span>
     <span class='ocr_line' id='line_1_23' title="bbox 79 2692 1396 2781; baseline -0.002 -23"><span class='ocrx_word' id='word_1_174' title='bbox 79 2701 231 2759; x_wconf 86' lang='lat' dir='ltr'>saverunt</span> <span class='ocrx_word' id='word_1_175' title='bbox 243 2697 285 2760; x_wconf 93' lang='lat' dir='ltr'>ah</span> <span class='ocrx_word' id='word_1_176' title='bbox 301 2694 510 2781; x_wconf 75' lang='lat' dir='ltr'>ignoratione,</span> <span class='ocrx_word' id='word_1_177' title='bbox 522 2704 557 2760; x_wconf 91' lang='lat' dir='ltr'>et</span> <span class='ocrx_word' id='word_1_178' title='bbox 570 2718 590 2759; x_wconf 88' lang='lat' dir='ltr'>a</span> <span class='ocrx_word' id='word_1_179' title='bbox 602 2703 706 2759; x_wconf 90' lang='lat' dir='ltr'>morte</span> <span class='ocrx_word' id='word_1_180' title='bbox 719 2694 752 2757; x_wconf 91' lang='lat' dir='ltr'>in</span> <span class='ocrx_word' id='word_1_181' title='bbox 762 2693 860 2759; x_wconf 87' lang='lat' dir='ltr'>vitam</span> <span class='ocrx_word' id='word_1_182' title='bbox 872 2693 1092 2764; x_wconf 88' lang='lat' dir='ltr'>ascenderunt,</span> <span class='ocrx_word' id='word_1_183' title='bbox 1107 2692 1234 2757; x_wconf 91' lang='lat' dir='ltr'>nomine</span> <span class='ocrx_word' id='word_1_184' title='bbox 1246 2717 1275 2756; x_wconf 91' lang='lat'>11.</span> <span class='ocrx_word' id='word_1_185' title='bbox 1285 2715 1344 2756; x_wconf 67' lang='lat' dir='ltr'>xxa</span> <span class='ocrx_word' id='word_1_186' title='bbox 1356 2713 1396 2756; x_wconf 82' lang='lat' dir='ltr'>rr.</span> 
     </span>
     <span class='ocr_line' id='line_1_24' title="bbox 80 2763 1320 2861; baseline -0.002 -2"><span class='ocrx_word' id='word_1_187' title='bbox 80 2793 127 2859; x_wconf 90' lang='lat' dir='ltr'>eis</span> <span class='ocrx_word' id='word_1_188' title='bbox 143 2793 230 2858; x_wconf 82' lang='lat' dir='ltr'>facto</span> <span class='ocrx_word' id='word_1_189' title='bbox 246 2795 399 2860; x_wconf 89' lang='lat' dir='ltr'>ducatore</span> <span class='ocrx_word' id='word_1_190' title='bbox 417 2795 457 2860; x_wconf 91' lang='lat' dir='ltr'>ad</span> <span class='ocrx_word' id='word_1_191' title='bbox 476 2793 610 2859; x_wconf 87' lang='lat' dir='ltr'>Patrem</span> <span class='ocrx_word' id='word_1_192' title='bbox 626 2793 780 2861; x_wconf 82' lang='lat' dir='ltr'>veritatis.</span> <span class='ocrx_word' id='word_1_193' title='bbox 833 2793 980 2857; x_wconf 78' lang='lat' dir='ltr'>Voluisse</span> <span class='ocrx_word' id='word_1_194' title='bbox 997 2793 1081 2857; x_wconf 90' lang='lat' dir='ltr'>enim</span> <span class='ocrx_word' id='word_1_195' title='bbox 1101 2791 1234 2857; x_wconf 89' lang='lat' dir='ltr'>Patrem</span> <span class='ocrx_word' id='word_1_196' title='bbox 1245 2763 1320 2803; x_wconf 54' lang='grc' dir='ltr'>Μ’</span> 
     </span>
     <span class='ocr_line' id='line_1_25' title="bbox 80 2890 1234 2980; baseline 0 -24"><span class='ocrx_word' id='word_1_197' title='bbox 80 2893 298 2958; x_wconf 88' lang='lat' dir='ltr'>universorum</span> <span class='ocrx_word' id='word_1_198' title='bbox 315 2894 435 2959; x_wconf 85' lang='lat' dir='ltr'>solvere</span> <span class='ocrx_word' id='word_1_199' title='bbox 451 2894 675 2980; x_wconf 81' lang='lat' dir='ltr'>ignorantiam,</span> <span class='ocrx_word' id='word_1_200' title='bbox 697 2902 731 2958; x_wconf 92' lang='lat' dir='ltr'>et</span> <span class='ocrx_word' id='word_1_201' title='bbox 757 2894 920 2960; x_wconf 87' lang='lat' dir='ltr'>destruere</span> <span class='ocrx_word' id='word_1_202' title='bbox 943 2901 1090 2956; x_wconf 87' lang='lat' dir='ltr'>mortem.</span> <span class='ocrx_word' id='word_1_203' title='bbox 1139 2890 1234 2977; x_wconf 86' lang='lat' dir='ltr'>Igno·</span> 
     </span>
     <span class='ocr_line' id='line_1_26' title="bbox 81 2991 1236 3080; baseline -0.002 -24"><span class='ocrx_word' id='word_1_204' title='bbox 81 2992 196 3057; x_wconf 81' lang='lat' dir='ltr'>rantiae</span> <span class='ocrx_word' id='word_1_205' title='bbox 213 3001 322 3058; x_wconf 83' lang='lat' dir='ltr'>autem</span> <span class='ocrx_word' id='word_1_206' title='bbox 337 2994 463 3071; x_wconf 91' lang='lat' dir='ltr'>solutio,</span> <span class='ocrx_word' id='word_1_207' title='bbox 481 2994 604 3080; x_wconf 80' lang='lat' dir='ltr'>agnitio</span> <span class='ocrx_word' id='word_1_208' title='bbox 624 2993 692 3078; x_wconf 90' lang='lat' dir='ltr'>ejus</span> <span class='ocrx_word' id='word_1_209' title='bbox 717 2993 823 3058; x_wconf 86' lang='lat' dir='ltr'>fiebat.</span> <span class='ocrx_word' id='word_1_210' title='bbox 871 2991 916 3056; x_wconf 89' lang='lat' dir='ltr'>Et</span> <span class='ocrx_word' id='word_1_211' title='bbox 934 3000 1067 3076; x_wconf 89' lang='lat' dir='ltr'>propter</span> <span class='ocrx_word' id='word_1_212' title='bbox 1086 2991 1146 3054; x_wconf 90' lang='lat' dir='ltr'>hoo</span> <span class='ocrx_word' id='word_1_213' title='bbox 1169 2991 1236 3054; x_wconf 92' lang='lat' dir='ltr'>dic·</span> 
     </span>
     <span class='ocr_line' id='line_1_27' title="bbox 81 3088 1236 3178; baseline -0.005 -21"><span class='ocrx_word' id='word_1_214' title='bbox 81 3099 153 3157; x_wconf 86' lang='lat' dir='ltr'>tum</span> <span class='ocrx_word' id='word_1_215' title='bbox 166 3093 338 3158; x_wconf 87' lang='lat' dir='ltr'>seeundum</span> <span class='ocrx_word' id='word_1_216' title='bbox 350 3094 547 3159; x_wconf 88' lang='lat' dir='ltr'>voluntatem</span> <span class='ocrx_word' id='word_1_217' title='bbox 560 3094 637 3178; x_wconf 88' lang='lat' dir='ltr'>ejus,</span> <span class='ocrx_word' id='word_1_218' title='bbox 654 3115 727 3157; x_wconf 92' lang='lat' dir='ltr'>eum</span> <span class='ocrx_word' id='word_1_219' title='bbox 743 3092 797 3177; x_wconf 91' lang='lat' dir='ltr'>qui</span> <span class='ocrx_word' id='word_1_220' title='bbox 814 3099 863 3157; x_wconf 91' lang='lat' dir='ltr'>est</span> <span class='ocrx_word' id='word_1_221' title='bbox 880 3091 1053 3155; x_wconf 88' lang='lat' dir='ltr'>secundum</span> <span class='ocrx_word' id='word_1_222' title='bbox 1064 3088 1236 3174; x_wconf 85' lang='lat' dir='ltr'>imaginem</span> 
     </span>
     <span class='ocr_line' id='line_1_28' title="bbox 81 3189 993 3278; baseline -0.003 -23"><span class='ocrx_word' id='word_1_223' title='bbox 81 3191 160 3278; x_wconf 85' lang='lat' dir='ltr'>ejus,</span> <span class='ocrx_word' id='word_1_224' title='bbox 179 3215 250 3278; x_wconf 81' lang='lat' dir='ltr'>qnae</span> <span class='ocrx_word' id='word_1_225' title='bbox 264 3215 389 3258; x_wconf 89' lang='lat' dir='ltr'>sursum</span> <span class='ocrx_word' id='word_1_226' title='bbox 407 3201 456 3258; x_wconf 90' lang='lat' dir='ltr'>est</span> <span class='ocrx_word' id='word_1_227' title='bbox 473 3193 585 3269; x_wconf 87' lang='lat' dir='ltr'>virtus,</span> <span class='ocrx_word' id='word_1_228' title='bbox 603 3191 792 3277; x_wconf 88' lang='lat' dir='ltr'>dispositum</span> <span class='ocrx_word' id='word_1_229' title='bbox 811 3189 993 3254; x_wconf 90' lang='lat' dir='ltr'>Hominem.</span> 
     </span>
    </p>

    <p class='ocr_par' dir='ltr' id='par_1_8' title="bbox 81 3287 1238 3677">
     <span class='ocr_line' id='line_1_29' title="bbox 162 3287 1236 3378; baseline -0.002 -23"><span class='ocrx_word' id='word_1_230' title='bbox 162 3294 214 3359; x_wconf 82' lang='lat'>14.</span> <span class='ocrx_word' id='word_1_231' title='bbox 262 3294 294 3356; x_wconf 84' lang='lat' dir='ltr'><strong>A</strong></span> <span class='ocrx_word' id='word_1_232' title='bbox 313 3292 559 3378; x_wconf 87' lang='lat' dir='ltr'>quatsmatione</span> <span class='ocrx_word' id='word_1_233' title='bbox 578 3291 662 3356; x_wconf 90' lang='lat' dir='ltr'>enim</span> <span class='ocrx_word' id='word_1_234' title='bbox 689 3290 849 3376; x_wconf 82' lang='lat' dir='ltr'>progressi</span> <span class='ocrx_word' id='word_1_235' title='bbox 872 3295 947 3353; x_wconf 90' lang='lat' dir='ltr'>sunt</span> <span class='ocrx_word' id='word_1_236' title='bbox 976 3288 1107 3352; x_wconf 80' lang='lat' dir='ltr'>AEones.</span> <span class='ocrx_word' id='word_1_237' title='bbox 1153 3287 1236 3353; x_wconf 81' lang='lat' dir='ltr'>Erat</span> 
     </span>
     <span class='ocr_line' id='line_1_30' title="bbox 81 3387 1235 3477; baseline -0.003 -23"><span class='ocrx_word' id='word_1_238' title='bbox 81 3397 191 3455; x_wconf 84' lang='lat' dir='ltr'>autem</span> <span class='ocrx_word' id='word_1_239' title='bbox 209 3391 241 3455; x_wconf 93' lang='lat' dir='ltr'>in</span> <span class='ocrx_word' id='word_1_240' title='bbox 260 3391 505 3477; x_wconf 90' lang='lat' dir='ltr'>quaternatione</span> <span class='ocrx_word' id='word_1_241' title='bbox 531 3391 719 3476; x_wconf 85' lang='lat' dir='ltr'>Anthropos</span> <span class='ocrx_word' id='word_1_242' title='bbox 742 3398 776 3456; x_wconf 90' lang='lat' dir='ltr'>et</span> <span class='ocrx_word' id='word_1_243' title='bbox 795 3387 947 3464; x_wconf 84' lang='lat' dir='ltr'>Ecclesia,</span> <span class='ocrx_word' id='word_1_244' title='bbox 967 3387 1072 3475; x_wconf 86' lang='lat' dir='ltr'>Logos</span> <span class='ocrx_word' id='word_1_245' title='bbox 1098 3395 1132 3454; x_wconf 88' lang='lat' dir='ltr'>st</span> <span class='ocrx_word' id='word_1_246' title='bbox 1157 3387 1235 3453; x_wconf 89' lang='lat' dir='ltr'>Zoe.</span> 
     </span>
     <span class='ocr_line' id='line_1_31' title="bbox 82 3487 1238 3578; baseline -0.001 -24"><span class='ocrx_word' id='word_1_247' title='bbox 82 3490 135 3554; x_wconf 83' lang='lat' dir='ltr'>Ah</span> <span class='ocrx_word' id='word_1_248' title='bbox 147 3489 184 3553; x_wconf 92' lang='lat' dir='ltr'>iis</span> <span class='ocrx_word' id='word_1_249' title='bbox 196 3489 295 3578; x_wconf 88' lang='lat' dir='ltr'>igitur</span> <span class='ocrx_word' id='word_1_250' title='bbox 304 3490 449 3569; x_wconf 85' lang='lat' dir='ltr'>virtutes,</span> <span class='ocrx_word' id='word_1_251' title='bbox 461 3491 517 3569; x_wconf 85' lang='lat' dir='ltr'>ait,</span> <span class='ocrx_word' id='word_1_252' title='bbox 529 3499 685 3556; x_wconf 83' lang='lat' dir='ltr'>emanatas</span> <span class='ocrx_word' id='word_1_253' title='bbox 696 3500 928 3577; x_wconf 89' lang='lat' dir='ltr'>generaverunt</span> <span class='ocrx_word' id='word_1_254' title='bbox 940 3511 1024 3565; x_wconf 88' lang='lat' dir='ltr'>eum,</span> <span class='ocrx_word' id='word_1_255' title='bbox 1039 3487 1136 3573; x_wconf 92' lang='lat' dir='ltr'>quiin</span> <span class='ocrx_word' id='word_1_256' title='bbox 1148 3496 1238 3553; x_wconf 88' lang='lat' dir='ltr'>terra</span> 
     </span>
     <span class='ocr_line' id='line_1_32' title="bbox 83 3587 1238 3677; baseline -0.002 -23"><span class='ocrx_word' id='word_1_257' title='bbox 83 3588 306 3656; x_wconf 84' lang='lat' dir='ltr'>manifestatus</span> <span class='ocrx_word' id='word_1_258' title='bbox 331 3600 390 3670; x_wconf 89' lang='lat' dir='ltr'>est,</span> <span class='ocrx_word' id='word_1_259' title='bbox 417 3590 541 3656; x_wconf 88' lang='lat' dir='ltr'>Jssum.</span> <span class='ocrx_word' id='word_1_260' title='bbox 593 3589 640 3656; x_wconf 86' lang='lat' dir='ltr'>Et</span> <span class='ocrx_word' id='word_1_261' title='bbox 661 3590 742 3677; x_wconf 89' lang='lat' dir='ltr'>Logi</span> <span class='ocrx_word' id='word_1_262' title='bbox 767 3590 896 3676; x_wconf 90' lang='lat' dir='ltr'>quidem</span> <span class='ocrx_word' id='word_1_263' title='bbox 920 3589 1025 3654; x_wconf 91' lang='lat' dir='ltr'>locum</span> <span class='ocrx_word' id='word_1_264' title='bbox 1050 3587 1238 3674; x_wconf 91' lang='lat' dir='ltr'>adimplesse</span> 
     </span>
    </p>
   </div>
   <div class='ocr_carea' id='block_1_8' title="bbox 83 3779 1420 4687">
    <p class='ocr_par' dir='ltr' id='par_1_9' title="bbox 83 3779 1420 4687">
     <span class='ocr_line' id='line_1_33' title="bbox 134 3779 1239 3846; baseline -0.001 -15"><span class='ocrx_word' id='word_1_265' title='bbox 134 3781 145 3813; x_wconf 91' lang='lat'>¹</span> <span class='ocrx_word' id='word_1_266' title='bbox 161 3782 214 3831; x_wconf 77' lang='lat' dir='ltr'>The</span> <span class='ocrx_word' id='word_1_267' title='bbox 230 3782 313 3832; x_wconf 81' lang='lat' dir='ltr'>Greek</span> <span class='ocrx_word' id='word_1_268' title='bbox 328 3784 421 3833; x_wconf 85' lang='lat' dir='ltr'>textis</span> <span class='ocrx_word' id='word_1_269' title='bbox 437 3788 504 3832; x_wconf 88' lang='lat' dir='ltr'>most</span> <span class='ocrx_word' id='word_1_270' title='bbox 519 3782 597 3846; x_wconf 81' lang='lat' dir='ltr'>likely</span> <span class='ocrx_word' id='word_1_271' title='bbox 609 3787 637 3832; x_wconf 85' lang='lat' dir='ltr'>to</span> <span class='ocrx_word' id='word_1_272' title='bbox 684 3782 757 3830; x_wconf 82' lang='lat' dir='ltr'>cated</span> <span class='ocrx_word' id='word_1_273' title='bbox 773 3782 800 3830; x_wconf 92' lang='lat' dir='ltr'>in</span> <span class='ocrx_word' id='word_1_274' title='bbox 817 3782 860 3830; x_wconf 88' lang='lat' dir='ltr'>the</span> <span class='ocrx_word' id='word_1_275' title='bbox 874 3781 971 3829; x_wconf 78' lang='lat' dir='ltr'>version</span> <span class='ocrx_word' id='word_1_276' title='bbox 988 3780 1023 3846; x_wconf 82' lang='lat' dir='ltr'>by</span> <span class='ocrx_word' id='word_1_277' title='bbox 1038 3779 1138 3840; x_wconf 80' lang='lat' dir='ltr'>dictum,</span> <span class='ocrx_word' id='word_1_278' title='bbox 1156 3779 1239 3830; x_wconf 81' lang='lat' dir='ltr'>unless</span> 
     </span>
     <span class='ocr_line' id='line_1_34' title="bbox 84 3858 1178 3925; baseline -0.004 -15"><span class='ocrx_word' id='word_1_279' title='bbox 84 3862 117 3910; x_wconf 88' lang='lat' dir='ltr'>be</span> <span class='ocrx_word' id='word_1_280' title='bbox 127 3862 203 3925; x_wconf 78' lang='lat' dir='ltr'>right,</span> <span class='ocrx_word' id='word_1_281' title='bbox 215 3863 255 3912; x_wconf 82' lang='lat' dir='ltr'>for</span> <span class='ocrx_word' id='word_1_282' title='bbox 265 3864 335 3912; x_wconf 87' lang='lat' dir='ltr'>there</span> <span class='ocrx_word' id='word_1_283' title='bbox 345 3863 367 3913; x_wconf 90' lang='lat' dir='ltr'>is</span> <span class='ocrx_word' id='word_1_284' title='bbox 378 3881 393 3912; x_wconf 85' lang='lat' dir='ltr'>a</span> <span class='ocrx_word' id='word_1_285' title='bbox 403 3864 521 3913; x_wconf 81' lang='lat' dir='ltr'>manifest</span> <span class='ocrx_word' id='word_1_286' title='bbox 532 3862 637 3911; x_wconf 81' lang='lat' dir='ltr'>allusion</span> <span class='ocrx_word' id='word_1_287' title='bbox 684 3859 774 3909; x_wconf 87' lang='lat' dir='ltr'>indeed</span> <span class='ocrx_word' id='word_1_288' title='bbox 784 3860 827 3908; x_wconf 88' lang='lat' dir='ltr'>the</span> <span class='ocrx_word' id='word_1_289' title='bbox 838 3859 974 3908; x_wconf 82' lang='lat' dir='ltr'>translator</span> <span class='ocrx_word' id='word_1_290' title='bbox 985 3863 1062 3907; x_wconf 82' lang='lat' dir='ltr'>wrote</span> <span class='ocrx_word' id='word_1_291' title='bbox 1074 3858 1178 3907; x_wconf 73' lang='grc' dir='ltr'>ιΙοσιιιιιι.</span> 
     </span>
     <span class='ocr_line' id='line_1_35' title="bbox 83 3940 1241 4006; baseline -0.001 -14"><span class='ocrx_word' id='word_1_292' title='bbox 83 3948 114 3992; x_wconf 83' lang='lat' dir='ltr'>to</span> <span class='ocrx_word' id='word_1_293' title='bbox 124 3943 167 3992; x_wconf 87' lang='lat' dir='ltr'>the</span> <span class='ocrx_word' id='word_1_294' title='bbox 185 3944 266 3992; x_wconf 81' lang='lat' dir='ltr'>words</span> <span class='ocrx_word' id='word_1_295' title='bbox 279 3945 309 3993; x_wconf 82' lang='lat' dir='ltr'>oi</span> <span class='ocrx_word' id='word_1_296' title='bbox 322 3961 369 3995; x_wconf 88' lang='lat' dir='ltr'>our</span> <span class='ocrx_word' id='word_1_297' title='bbox 384 3945 460 4006; x_wconf 87' lang='lat' dir='ltr'>Lord,</span> <span class='ocrx_word' id='word_1_298' title='bbox 473 3945 492 3994; x_wconf 85' lang='lat' dir='ltr'>J</span> <span class='ocrx_word' id='word_1_299' title='bbox 494 3946 533 3994; x_wconf 92' lang='lat' dir='ltr'>oh.</span> <span class='ocrx_word' id='word_1_300' title='bbox 546 3945 597 3994; x_wconf 77' lang='lat' dir='ltr'>xiv.</span> <span class='ocrx_word' id='word_1_301' title='bbox 610 3940 635 4004; x_wconf 88' lang='grc'>6,</span> <span class='ocrx_word' id='word_1_302' title='bbox 734 3941 746 3973; x_wconf 85' lang='lat'><strong>¹</strong></span> <span class='ocrx_word' id='word_1_303' title='bbox 761 3945 805 4002; x_wconf 78' lang='grc' dir='ltr'>τῆς</span> <span class='ocrx_word' id='word_1_304' title='bbox 822 3944 870 3990; x_wconf 75' lang='lat' dir='ltr'>tra</span> <span class='ocrx_word' id='word_1_305' title='bbox 885 3942 1010 4002; x_wconf 73' lang='grc' dir='ltr'>δυνάμεων,</span> <span class='ocrx_word' id='word_1_306' title='bbox 1027 3941 1124 3990; x_wconf 84' lang='lat' dir='ltr'>neither</span> <span class='ocrx_word' id='word_1_307' title='bbox 1136 3941 1241 4002; x_wconf 76' lang='grc' dir='ltr'>Χριστὸν</span> 
     </span>
     <span class='ocr_line' id='line_1_36' title="bbox 85 4020 1240 4089; baseline -0.001 -18"><span class='ocrx_word' id='word_1_308' title='bbox 85 4023 107 4072; x_wconf 93' lang='grc' dir='ltr'><em>Ι</em></span> <span class='ocrx_word' id='word_1_309' title='bbox 125 4040 166 4071; x_wconf 83' lang='lat' dir='ltr'>am</span> <span class='ocrx_word' id='word_1_310' title='bbox 181 4024 219 4073; x_wconf 79' lang='grc' dir='ltr'>θιι</span> <span class='ocrx_word' id='word_1_311' title='bbox 234 4041 296 4089; x_wconf 72' lang='lat' dir='ltr'>way,</span> <span class='ocrx_word' id='word_1_312' title='bbox 314 4025 353 4074; x_wconf 70' lang='lat' dir='ltr'>rte</span> <span class='ocrx_word' id='word_1_313' title='bbox 368 4025 442 4087; x_wconf 74' lang='grc' dir='ltr'>ιιυθι,</span> <span class='ocrx_word' id='word_1_314' title='bbox 461 4026 515 4075; x_wconf 81' lang='lat' dir='ltr'>and</span> <span class='ocrx_word' id='word_1_315' title='bbox 531 4025 569 4074; x_wconf 73' lang='lat' dir='ltr'>the</span> <span class='ocrx_word' id='word_1_316' title='bbox 585 4024 637 4088; x_wconf 79' lang='lat' dir='ltr'>life.</span> <span class='ocrx_word' id='word_1_317' title='bbox 685 4038 733 4072; x_wconf 92' lang='lat' dir='ltr'>nor</span> <span class='ocrx_word' id='word_1_318' title='bbox 746 4024 840 4084; x_wconf 78' lang='grc' dir='ltr'>Σωτὴρ,</span> <span class='ocrx_word' id='word_1_319' title='bbox 857 4038 885 4071; x_wconf 88' lang='lat' dir='ltr'>as</span> <span class='ocrx_word' id='word_1_320' title='bbox 901 4022 996 4070; x_wconf 72' lang='lat' dir='ltr'>Gaas}</span> <span class='ocrx_word' id='word_1_321' title='bbox 1012 4021 1141 4086; x_wconf 87' lang='lat' dir='ltr'>imagines,</span> <span class='ocrx_word' id='word_1_322' title='bbox 1154 4020 1240 4070; x_wconf 87' lang='lat' dir='ltr'>andto</span> 
     </span>
     <span class='ocr_line' id='line_1_37' title="bbox 85 4102 1240 4171; baseline -0.003 -16"><span class='ocrx_word' id='word_1_323' title='bbox 85 4105 147 4155; x_wconf 84' lang='lat' dir='ltr'>Itis</span> <span class='ocrx_word' id='word_1_324' title='bbox 161 4121 178 4154; x_wconf 81' lang='lat' dir='ltr'>a</span> <span class='ocrx_word' id='word_1_325' title='bbox 191 4111 283 4156; x_wconf 79' lang='lat' dir='ltr'>matter</span> <span class='ocrx_word' id='word_1_326' title='bbox 297 4107 326 4156; x_wconf 80' lang='lat' dir='ltr'>oi</span> <span class='ocrx_word' id='word_1_327' title='bbox 339 4107 447 4171; x_wconf 86' lang='lat' dir='ltr'>surprise</span> <span class='ocrx_word' id='word_1_328' title='bbox 461 4108 518 4156; x_wconf 84' lang='lat' dir='ltr'>that</span> <span class='ocrx_word' id='word_1_329' title='bbox 532 4106 639 4154; x_wconf 87' lang='lat' dir='ltr'>thishns</span> <span class='ocrx_word' id='word_1_330' title='bbox 686 4105 767 4153; x_wconf 83' lang='lat' dir='ltr'>which</span> <span class='ocrx_word' id='word_1_331' title='bbox 785 4104 915 4154; x_wconf 68' lang='lat' dir='ltr'>Musam</span> <span class='ocrx_word' id='word_1_332' title='bbox 935 4103 992 4152; x_wconf 75' lang='lat' dir='ltr'>half</span> <span class='ocrx_word' id='word_1_333' title='bbox 1011 4109 1114 4162; x_wconf 80' lang='lat' dir='ltr'>assents,</span> <span class='ocrx_word' id='word_1_334' title='bbox 1134 4102 1181 4151; x_wconf 89' lang='lat' dir='ltr'>bnt</span> <span class='ocrx_word' id='word_1_335' title='bbox 1196 4102 1240 4152; x_wconf 85' lang='lat' dir='ltr'>the</span> 
     </span>
     <span class='ocr_line' id='line_1_38' title="bbox 84 4184 1240 4252; baseline -0.003 -16"><span class='ocrx_word' id='word_1_336' title='bbox 84 4187 352 4237; x_wconf 81' lang='lat' dir='ltr'>notbesnrsmarlred.</span> <span class='ocrx_word' id='word_1_337' title='bbox 387 4188 440 4236; x_wconf 87' lang='lat' dir='ltr'>&#39;l&#39;he</span> <span class='ocrx_word' id='word_1_338' title='bbox 453 4204 558 4252; x_wconf 86' lang='lat' dir='ltr'>passage</span> <span class='ocrx_word' id='word_1_339' title='bbox 568 4188 639 4251; x_wconf 82' lang='lat' dir='ltr'>gives</span> <span class='ocrx_word' id='word_1_340' title='bbox 688 4185 806 4251; x_wconf 82' lang='lat' dir='ltr'>Suprema</span> <span class='ocrx_word' id='word_1_341' title='bbox 828 4186 896 4234; x_wconf 78' lang='lat' dir='ltr'>AEon</span> <span class='ocrx_word' id='word_1_342' title='bbox 916 4185 1069 4250; x_wconf 83' lang='lat' dir='ltr'>Anthropos,</span> <span class='ocrx_word' id='word_1_343' title='bbox 1094 4184 1175 4233; x_wconf 83' lang='lat' dir='ltr'>which</span> <span class='ocrx_word' id='word_1_344' title='bbox 1196 4184 1240 4233; x_wconf 84' lang='lat' dir='ltr'>the</span> 
     </span>
     <span class='ocr_line' id='line_1_39' title="bbox 85 4263 1241 4334; baseline -0.003 -16"><span class='ocrx_word' id='word_1_345' title='bbox 85 4269 191 4319; x_wconf 80' lang='lat' dir='ltr'>another</span> <span class='ocrx_word' id='word_1_346' title='bbox 202 4269 277 4334; x_wconf 82' lang='lat' dir='ltr'>proci</span> <span class='ocrx_word' id='word_1_347' title='bbox 284 4269 340 4318; x_wconf 78' lang='lat' dir='ltr'>that</span> <span class='ocrx_word' id='word_1_348' title='bbox 350 4270 394 4318; x_wconf 87' lang='lat' dir='ltr'>the</span> <span class='ocrx_word' id='word_1_349' title='bbox 405 4269 558 4318; x_wconf 75' lang='lat' dir='ltr'>translator’s</span> <span class='ocrx_word' id='word_1_350' title='bbox 566 4284 638 4332; x_wconf 64' lang='lat'><strong>0⁰95,</strong></span> <span class='ocrx_word' id='word_1_351' title='bbox 687 4268 839 4318; x_wconf 82' lang='lat' dir='ltr'>Ptolemaean</span> <span class='ocrx_word' id='word_1_352' title='bbox 851 4282 992 4331; x_wconf 89' lang='lat' dir='ltr'>precursors</span> <span class='ocrx_word' id='word_1_353' title='bbox 1004 4266 1033 4316; x_wconf 81' lang='lat' dir='ltr'>of</span> <span class='ocrx_word' id='word_1_354' title='bbox 1041 4266 1084 4316; x_wconf 86' lang='lat' dir='ltr'>the</span> <span class='ocrx_word' id='word_1_355' title='bbox 1095 4263 1241 4314; x_wconf 69' lang='lat' dir='ltr'>Mareoeisn</span> 
     </span>
     <span class='ocr_line' id='line_1_40' title="bbox 84 4342 1242 4412; baseline -0.002 -18"><span class='ocrx_word' id='word_1_356' title='bbox 84 4345 163 4394; x_wconf 78' lang='lat' dir='ltr'>taken</span> <span class='ocrx_word' id='word_1_357' title='bbox 179 4346 285 4410; x_wconf 81' lang='lat' dir='ltr'>perhaps</span> <span class='ocrx_word' id='word_1_358' title='bbox 302 4351 329 4394; x_wconf 85' lang='lat' dir='ltr'>at</span> <span class='ocrx_word' id='word_1_359' title='bbox 344 4345 413 4395; x_wconf 89' lang='lat' dir='ltr'>third</span> <span class='ocrx_word' id='word_1_360' title='bbox 429 4346 497 4394; x_wconf 86' lang='lat' dir='ltr'>hand</span> <span class='ocrx_word' id='word_1_361' title='bbox 513 4346 579 4394; x_wconf 81' lang='lat' dir='ltr'>from</span> <span class='ocrx_word' id='word_1_362' title='bbox 595 4346 640 4395; x_wconf 85' lang='lat' dir='ltr'>the</span> <span class='ocrx_word' id='word_1_363' title='bbox 687 4348 773 4412; x_wconf 82' lang='lat' dir='ltr'>hereey</span> <span class='ocrx_word' id='word_1_364' title='bbox 794 4347 921 4397; x_wconf 84' lang='lat' dir='ltr'>identified</span> <span class='ocrx_word' id='word_1_365' title='bbox 943 4347 1003 4397; x_wconf 80' lang='lat' dir='ltr'>with</span> <span class='ocrx_word' id='word_1_366' title='bbox 1026 4347 1158 4411; x_wconf 78' lang='lat' dir='ltr'>Propstor.</span> <span class='ocrx_word' id='word_1_367' title='bbox 1193 4342 1242 4393; x_wconf 82' lang='lat' dir='ltr'>See</span> 
     </span>
     <span class='ocr_line' id='line_1_41' title="bbox 85 4424 1242 4491; baseline -0.003 -17"><span class='ocrx_word' id='word_1_368' title='bbox 85 4425 640 4491; x_wconf 56' lang='lat' dir='ltr'>sufflammatthstsarlydatsnomodsl</span> <span class='ocrx_word' id='word_1_369' title='bbox 687 4429 781 4488; x_wconf 58' lang='lat' dir='ltr'>vair,</span> <span class='ocrx_word' id='word_1_370' title='bbox 797 4427 873 4489; x_wconf 82' lang='lat' dir='ltr'>3.rii.</span> <span class='ocrx_word' id='word_1_371' title='bbox 897 4424 1242 4488; x_wconf 70' lang='grc' dir='ltr'>δπιῆὺπέρπὰὸλαδύναμικ</span> 
     </span>
     <span class='ocr_line' id='line_1_42' title="bbox 85 4504 1243 4572; baseline -0.003 -15"><span class='ocrx_word' id='word_1_372' title='bbox 85 4507 116 4557; x_wconf 81' lang='lat' dir='ltr'>ni</span> <span class='ocrx_word' id='word_1_373' title='bbox 123 4523 253 4572; x_wconf 70' lang='lat' dir='ltr'>socnrwy.</span> <span class='ocrx_word' id='word_1_374' title='bbox 289 4507 323 4557; x_wconf 81' lang='lat' dir='ltr'>So</span> <span class='ocrx_word' id='word_1_375' title='bbox 336 4509 425 4557; x_wconf 81' lang='lat' dir='ltr'>within</span> <span class='ocrx_word' id='word_1_376' title='bbox 439 4524 455 4556; x_wconf 84' lang='lat' dir='ltr'>a</span> <span class='ocrx_word' id='word_1_377' title='bbox 468 4509 516 4558; x_wconf 82' lang='lat' dir='ltr'>few</span> <span class='ocrx_word' id='word_1_378' title='bbox 527 4509 590 4557; x_wconf 87' lang='lat' dir='ltr'>lines</span> <span class='ocrx_word' id='word_1_379' title='bbox 601 4524 640 4558; x_wconf 81' lang='lat' dir='ltr'>we</span> <span class='ocrx_word' id='word_1_380' title='bbox 688 4510 728 4558; x_wconf 76' lang='lat' dir='ltr'>rel</span> <span class='ocrx_word' id='word_1_381' title='bbox 745 4509 913 4571; x_wconf 71' lang='grc' dir='ltr'>ἑμπιριιιτικῆ</span> <span class='ocrx_word' id='word_1_382' title='bbox 929 4509 977 4556; x_wconf 76' lang='grc' dir='ltr'>τῶν</span> <span class='ocrx_word' id='word_1_383' title='bbox 993 4508 1090 4556; x_wconf 70' lang='grc' dir='ltr'>πάντων</span> <span class='ocrx_word' id='word_1_384' title='bbox 1101 4504 1243 4567; x_wconf 62' lang='grc' dir='ltr'>Ἄνθρωπον</span> 
     </span>
     <span class='ocr_line' id='line_1_43' title="bbox 86 4588 1420 4687; baseline -0.003 -48"><span class='ocrx_word' id='word_1_385' title='bbox 86 4589 154 4639; x_wconf 75' lang='lat' dir='ltr'>have</span> <span class='ocrx_word' id='word_1_386' title='bbox 171 4589 216 4639; x_wconf 82' lang='lat' dir='ltr'>the</span> <span class='ocrx_word' id='word_1_387' title='bbox 232 4589 295 4639; x_wconf 75' lang='lat' dir='ltr'>false</span> <span class='ocrx_word' id='word_1_388' title='bbox 312 4588 416 4654; x_wconf 73' lang='lat' dir='ltr'>reading</span> <span class='ocrx_word' id='word_1_389' title='bbox 433 4592 558 4652; x_wconf 76' lang='grc' dir='ltr'>λεχθῆναι,</span> <span class='ocrx_word' id='word_1_390' title='bbox 578 4590 642 4640; x_wconf 90' lang='lat' dir='ltr'>indi·</span> <span class='ocrx_word' id='word_1_391' title='bbox 689 4591 807 4640; x_wconf 74' lang='grc' dir='ltr'>καλεῖται.</span> <span class='ocrx_word' id='word_1_392' title='bbox 842 4589 960 4638; x_wconf 67' lang='lat' dir='ltr'>&amp;scote</span> <span class='ocrx_word' id='word_1_393' title='bbox 970 4601 993 4649; x_wconf 78' lang='lat' dir='ltr'>a,</span> <span class='ocrx_word' id='word_1_394' title='bbox 1007 4603 1032 4652; x_wconf 92' lang='lat' dir='ltr'>p.</span> <span class='ocrx_word' id='word_1_395' title='bbox 1047 4597 1102 4648; x_wconf 69' lang='grc' dir='ltr'>πμ.</span> <span class='ocrx_word' id='word_1_396' title='bbox 1352 4612 1420 4687; x_wconf 57' lang='grc' dir='ltr'>Ι</span> 
     </span>
    </p>
   </div>
   <div class='ocr_carea' id='block_1_9' title="bbox 0 0 1499 4986">
    <p class='ocr_par' dir='ltr' id='par_1_10' title="bbox 0 0 1499 4986">
     <span class='ocr_line' id='line_1_44' title="bbox 0 0 1499 4986; baseline 0 0"><span class='ocrx_word' id='word_1_397' title='bbox 0 0 1499 4986; x_wconf 95' lang='lat' dir='ltr'> </span> 
     </span>
    </p>
   </div>
  </div>
 </body>
</html>
