2954 4986
514 359 803 414 MARCOSIORUM.
1183 349 1249 413 133

26 550 62 626 fg.
93 523 238 594 ἕκαστον
271 526 338 593 τῶν
373 518 555 620 τριάκοντα
589 521 798 621 γραμμάτων
830 523 864 594 ἕν
895 523 1005 614 ἑαυτῷ
1029 518 1118 621 ἔχειν
1146 526 1245 623 ἕτερα
1260 539 1413 626 ῑὲξδρὲλ-Ῑξ

27 634 59 673 ια
90 630 289 733 γράμματα,
310 633 349 704 δι’
370 636 411 708 οὗ
427 630 498 742 [H.
518 646 538 711 l.
559 629 622 740 dv]
639 634 683 707 τὸ
702 638 805 719 ὄνομα
824 641 887 708 τοῦ
903 633 1105 734 γράμμα-,0ς
1125 634 1245 721 ὄνομά,
1258 633 1411 718 ιιιεερπιι.

1258 758 1408 767 ——-.

90 746 196 848 ζεται·
226 747 280 819 καί
302 744 343 817 αὖ
364 748 467 821 πάλιν
492 745 537 821 τά
560 751 659 847 ἕτερα
684 747 721 819 δι’
748 747 862 818 ἄλλων
885 747 1106 849 ὀνομάζεσθαι
1134 777 1245 848 γραμ-

87 857 212 944 μάτων,
234 862 287 931 καί
310 858 355 930 τὰ
379 861 469 932 ἄλλα
490 861 529 932 δι’
552 861 673 931 ἄλλων·
703 864 744 938 ὡς
767 857 837 966 [Η.
863 869 883 935 l.
904 855 1012 965 ὥστε]
1039 863 1082 938 εἷς
1107 860 1244 961 ἄπειρον

87 973 260 1044 ε’κπίπτειν
276 972 320 1045 τδ
339 978 466 1056 πλῆθος
485 979 552 1045 τῶν
564 969 781 1072 γραμμάτων.
808 969 908 1046 Οὕτω
928 972 954 1044 δ
968 969 1008 1043 dv
1027 975 1244 1074 σαφέστερον

87 1083 209 1166 μάθοις
227 1084 271 1156 τὸ
288 1086 480 1175 λεγόμενον·

170 1217 203 1283 3.
257 1197 311 1269 Τδ
332 1195 436 1269 δέλτα
462 1207 634 1294 στοιχεῖον
658 1198 848 1297 γράμματα
868 1198 901 1268 ἕν
918 1199 1027 1289 ἑαυτῷ
1043 1199 1111 1295 ἔχει
1132 1200 1241 1284 πέντε,

88 1307 173 1381 adri
194 1308 228 1380 δὲ
249 1309 293 1382 τδ
315 1309 429 1395 δελτα,
449 1310 503 1381 καί
523 1308 582 1381 τὸι
604 1342 640 1395 ει,
662 1310 775 1383 καὶτὸ
793 1308 943 1400 λάμβδα,
964 1311 1017 1382 καί
1037 1311 1080 1383 τδ
1097 1317 1169 1395 τοῦ,
1187 1312 1242 1384 καί

87 1421 132 1493 τδ
152 1422 262 1522 ἄλφα·
288 1423 341 1494 καί
359 1429 469 1495 ταῦτα
489 1422 593 1493 πάλιν
615 1419 660 1494 τά
686 1424 874 1521 γράμματα
898 1423 939 1495 δι’
968 1422 1080 1494 ἄλλων
1109 1422 1242 1523 γράφε-

86 1566 144 1606 ται
177 1537 395 1633 γραμμάτων,
421 1535 474 1606 καί
501 1533 547 1608 τὰ
585 1533 676 1605 ἅλλα
707 1533 749 1605 δι’
775 1535 896 1606 ἄλλων.
939 1535 989 1606 Ei
1014 1534 1068 1607 οὖν
1096 1540 1114 1618 ἦ
1146 1540 1241 1607 πᾶσα

86 1649 277 1726 ὑπόστασις
299 1655 363 1720 τοῦ
388 1647 492 1720 δέλτα
513 1650 555 1724 εἷς
574 1647 710 1746 ἄπειρον
737 1646 899 1730 ἐκπίπτει,
928 1647 978 1717 dei
1009 1646 1123 1718 ἄλλων
1147 1647 1241 1720 ἅλλα

87 1759 276 1858 γράμματα
298 1763 492 1853 γεννώντων,
519 1759 573 1830 καί
600 1757 836 1855 διαδεχομένων
864 1759 1010 1843 ἄλληλα,
1036 1762 1133 1849 πόσῳ
1155 1764 1243 1844 μᾶλ·

85 1880 149 1942 λον
184 1874 303 1944 ἐκείνου
336 1880 400 1945 τοῦ
434 1873 608 1968 στοιχείου
639 1870 754 1972 μεῖζον
794 1871 873 1942 εἶναι
909 1869 952 1942 τδ
985 1872 1137 1962 πέλαγος
1175 1877 1242 1944 τῶν

85 1984 316 2082 γραμμάτων;
355 1986 426 2056 Καὶ
452 1987 480 2054 εί
503 1982 547 2055 τὸ
570 1984 606 2054 ἓν
625 1981 770 2081 γράμμα
785 1982 887 2060 οὕτως
906 1981 1052 2081 ἄπειρον,
1073 1984 1136 2082 ὅρα
1160 1985 1242 2055 ὅλου

84 2103 149 2168 τοῦ
182 2098 347 2181 ὀνόματος·
374 2095 437 2168 τδν
461 2095 568 2184 βυθὸν
594 2100 660 2167 τῶν
685 2097 903 2194 γραμμάτων,
934 2093 972 2188 ἐξ
996 2095 1039 2166 ὦν
1066 2098 1129 2167 τάν
1157 2127 1241 2195 προ-

84 2210 224 2307 πάτορα
251 2214 269 2292 ἦ
297 2206 442 2308 Μάρκον
473 2206 563 2298 Σιγὴ
588 2207 784 2280 συνεστάναι
811 2205 1026 2298 ἐδογμάτισε.
1070 2205 1155 2278 ’Διὸ
1185 2207 1240 2278 καί

84 2319 148 2393 πδν
187 2321 332 2420 Πατέρα
373 2321 595 2403 ἐπιστάμενον
633 2317 676 2391 τδ
715 2320 891 2418 ἆχάρητον
929 2323 1036 2403 αὑτοῦ,
1075 2317 1239 2390 δεδωκέναι

84 2442 157 2511 τοῖς
184 2435 374 2530 στοιχείοις,
399 2434 422 2504 d
449 2433 503 2504 καί
528 2431 659 2508 Αίῶνας
684 2439 786 2515 καλεῖ,
815 2431 859 2500 ivi
887 2430 1016 2522 ἑκάστῳ
1047 2432 1153 2502 adrev
1181 2432 1241 2516 τὴν

83 2664 186 2731 literis
202 2663 235 2730 in
251 2662 422 2751 semetipsa
446 2664 565 2730 habere
590 2663 668 2730 alias
690 2664 808 2742 literas,
830 2687 888 2751 per
910 2688 989 2752 quas
1005 2688 1121 2732 nomen
1138 2665 1241 2733 literae

83 2765 278 2831 nominatur.
331 2765 377 2830 Et
394 2787 502 2830 rursus
519 2763 598 2829 alias
616 2787 674 2850 per
694 2764 771 2830 alias
788 2765 944 2830 nominari
960 2766 1080 2845 literas,
1107 2777 1141 2832 et
1163 2766 1241 2832 alias

84 2887 145 2950 par
173 2864 262 2942 alias,
290 2864 338 2930 ita
367 2865 462 2930 utin
491 2864 680 2929 immensum
706 2864 834 2930 decidat
864 2864 1037 2931 multitudo
1063 2866 1239 2932 literarum.

85 2963 140 3029 Sic
157 2973 265 3030 autem
282 2964 407 3052 planius
424 2965 525 3030 diseas
542 2964 627 3050 quod
645 2963 778 3036 dicitur;

157 3068 188 3129 3.
242 3062 340 3130 Delta
357 3064 548 3130 elementum
562 3063 672 3127 literas
689 3062 787 3128 habet
804 3062 836 3125 in
853 3085 888 3127 se
906 3061 1053 3148 quinque,
1080 3068 1114 3127 et
1138 3059 1242 3147 ipsum

87 3167 134 3239 Δ,
158 3168 192 3229 et
209 3166 247 3242 E,
265 3170 299 3229 et
318 3170 358 3240 Λ,
376 3171 410 3229 et
426 3166 466 3237 Τ,
485 3171 519 3228 et
537 3167 576 3238 A,
600 3170 634 3227 et
656 3161 707 3225 hae
732 3183 841 3225 rursus
866 3161 969 3227 litera
993 3182 1049 3246 per
1069 3159 1147 3226 alias
1165 3159 1242 3224 sori-

83 3264 206 3328 buntur
229 3263 348 3342 literas,
375 3271 410 3328 et
435 3263 505 3327 aliae
523 3283 581 3347 per
606 3260 693 3325 alias.
747 3259 782 3325 Si
805 3283 882 3348 ergo
898 3258 1045 3325 universa
1061 3259 1242 3326 substantia

85 3361 193 3428 Deltae
216 3363 248 3427 in
274 3364 461 3427 immensum
486 3360 614 3437 decidit,
632 3360 701 3425 aliis
726 3359 804 3426 alias
827 3361 937 3426 literas
961 3360 1187 3446 generantibus
1207 3369 1241 3426 et

83 3462 327 3528 suceedentibus
353 3463 555 3539 alterutrum,
581 3467 703 3546 quanto
731 3460 832 3548 magis
858 3460 941 3525 illius
964 3460 1112 3526 elementi
1138 3462 1241 3546 majus

84 3584 155 3627 esse
169 3560 317 3649 ³pelagus
332 3561 521 3627 literarum!
567 3559 613 3626 Et
630 3559 657 3625 si
673 3582 738 3624 una
752 3560 846 3625 litera
862 3559 907 3625 sio
923 3559 1077 3624 immensa
1093 3566 1152 3631 est,
1168 3560 1241 3625 vide

84 3661 186 3726 totius
202 3661 337 3727 nominis
349 3662 540 3747 profundum
556 3659 731 3736 literarum,
750 3681 790 3723 ex
807 3658 921 3744 quibus
939 3659 1118 3744 Propatora
1136 3658 1241 3725 Maroi

84 3760 253 3826 Silentium
270 3769 417 3826 constare
439 3760 557 3826 doouit.
598 3759 804 3844 Quapropter
821 3767 855 3823 et
873 3759 1003 3824 Patrem
1024 3757 1177 3823 scientem
1193 3758 1241 3823 in-

83 3861 227 3946 capabile
243 3883 344 3938 snum,
358 3860 481 3926 dedisse
496 3859 669 3934 elementis,
683 3881 754 3944 quae
769 3872 803 3923 et
818 3859 941 3922 AEonas
957 3865 1059 3937 vocat,
1073 3858 1241 3945 uniouique

134 4069 635 4137 ¹'l'bereadingoffl1rn;seep.r46,n.1.
687 4069 756 4128 darn,
775 4069 815 4117 ein
831 4067 902 4132 jeder
918 4068 1007 4132 glaubt
1025 4068 1052 4117 in
1067 4068 1124 4117 dem
1142 4084 1194 4117 was
1213 4083 1240 4117 er

133 4152 434 4204 'Dadaaunendlichen
445 4154 637 4203 WesenGottes
685 4151 762 4200 solbat
782 4150 824 4198 fur
845 4150 898 4198 sioh
919 4150 1066 4214 aussprioht,
1090 4149 1134 4198 das
1156 4149 1240 4198 Gaura

81 4250 134 4283 von
151 4236 249 4285 keinem
266 4237 355 4285 erinsst
371 4235 469 4284 werden
485 4236 561 4294 kann,
585 4234 637 4283 und
685 4232 887 4296 ausznsproohen,
900 4249 926 4280 u.
939 4247 959 4280 s.
972 4231 990 4280 f.
1003 4231 1146 4290 Numa,
1163 4242 1216 4291 ¹7¹·

77 4313 139 4378 jede
160 4315 228 4364 AEon
253 4317 321 4366 seins
342 4318 427 4380 eigans
447 4315 515 4364 welt
536 4316 562 4363 in
584 4315 637 4364 sich
734 4313 820 4363 ⁸'I'his
832 4314 1044 4363 wordiswritten
1052 4312 1151 4375 pelopea
1162 4312 1187 4359 in
1197 4312 1240 4360 tha

81 4399 161 4459 tram,
175 4395 252 4445 diser
266 4413 322 4446 zum
339 4398 441 4462 Daseyn
457 4397 563 4460 bringen
580 4397 633 4458 soll,
684 4398 792 4446 Anunn.
808 4396 864 4444 MS.
884 4396 945 4444 with
962 4411 979 4442 ιι
996 4392 1172 4457 superscribed,
1192 4392 1239 4441 bnt

81 4492 111 4526 so
128 4477 206 4526 beisst
222 4493 256 4538 es,
275 4479 361 4528 koiner
376 4479 420 4527 der
436 4478 537 4527 AEonen
556 4479 637 4528 kannt
684 4479 711 4528 in
723 4480 827 4528 another
843 4477 918 4527 hand.
953 4476 1006 4524 The
1023 4474 1158 4522 translator
1173 4477 1241 4523 most

81 4557 123 4608 die
135 4559 294 4624 Ausspraohe
304 4560 356 4610 und
368 4560 523 4625 Schriltzdge
535 4560 579 4608 das
592 4577 635 4609 sn·
685 4561 806 4625 probably
817 4559 878 4608 used
888 4560 932 4607 tho
943 4557 1026 4607 Greek
1037 4553 1206 4604 termination.
