2954 4986
250 321 316 391 270
551 334 781 390 sonvnunon
806 329 1101 385 umnnnmonuu

85 511 235 598 nppppvpp.
247 488 425 575 scriptione,
451 486 605 575 imagines
627 486 750 552 illorum
776 506 858 561 esse,
886 484 939 572 qui
968 490 1042 550 sunt
1066 480 1136 549 sine
1164 482 1353 572 figuratione
1372 490 1401 548 et

106 605 221 695 “effin-
249 591 613 679 ¹ineomprehensibi1est
640 591 674 656 Si
688 597 795 656 autem
810 594 908 671 ²[nee]
921 589 1093 655 seeundum
1104 588 1338 676 figurationem,
1349 607 1402 652 nee

87 727 230 736 --
249 695 419 762 secundum
434 695 660 773 formationem,
676 693 731 758 sed
746 691 917 757 seeundum
931 712 1094 756 numerum
1110 699 1145 756 et
1159 690 1304 756 ordinem
1317 690 1403 755 emis·
1412 705 1470 746 ma

249 799 347 865 sionis
362 797 513 884 imagines
527 818 565 861 ee
579 797 684 861 dieent
697 816 785 860 esse:
801 793 901 880 primo
916 793 1042 880 quidem
1050 798 1129 859 ³non
1138 793 1405 880 essentimagines

250 901 383 966 dioende
402 900 471 965 haeo
491 907 524 964 et
543 899 761 964 similitudines
781 919 899 976 eorum,
922 897 990 984 ⁴qui
1008 919 1133 963 sursum
1156 905 1235 961 sunt
1255 897 1405 962 AEonnm.

252 1005 332 1087 Quae
346 1004 430 1069 enim
441 1025 499 1068 neo
510 1002 654 1067 habitum
665 1023 724 1067 nee
735 1001 837 1088 ligore
847 1000 1001 1066 millorum
1010 1000 1136 1075 babent,
1147 998 1406 1087 quemadmodum

252 1107 407 1193 imagines
427 1114 502 1172 sunt
515 1106 677 1191 ipsorum!
721 1105 801 1170 Post
815 1104 928 1170 deinde
949 1113 983 1170 et
1003 1125 1151 1169 numeros
1169 1111 1206 1169 et
1227 1103 1406 1169 emissiones

251 1209 444 1295 superiorum
459 1210 602 1272 AEonum
618 1208 744 1274 eosdem
758 1216 792 1273 et
805 1206 922 1274 similes
935 1207 976 1272 ad
990 1228 1045 1273 eos
1058 1207 1113 1294 qui
1126 1214 1205 1272 sunt
1222 1205 1406 1272 eonditionis

251 1313 411 1398 adaptent.
448 1311 540 1376 Nune
562 1319 669 1376 autem
690 1311 821 1398 triginta
841 1310 1042 1376 ostendentes
1064 1311 1203 1388 AEones,
1228 1317 1263 1374 et
1290 1315 1405 1374 mntem

251 1414 482 1478 multitudinem
497 1435 689 1500 eorumquae
707 1422 782 1479 sunt
801 1413 834 1478 in
853 1413 1032 1479 conditione
1053 1411 1211 1500 imagines
1227 1432 1338 1477 eornm
1358 1412 1404 1499 qni

251 1523 326 1580 sunt
339 1514 471 1603 triginta
484 1514 633 1594 dieentes,
645 1516 731 1601 juste
745 1524 781 1581 ut
795 1514 947 1580 insensati
961 1522 1132 1602 arguentur
1146 1535 1167 1579 s
1181 1514 1288 1581 nobis.

727 1762 828 1828 OAP.
857 1762 936 1828 VII.

361 1901 598 2000 Quomfalsa
614 1902 747 1976 umbra
764 1916 796 1976 et
812 1928 931 1977 uacua
948 1929 1073 1978 eorum
1089 1903 1307 1980 ostenditur.

323 2074 352 2135 l.
389 2069 426 2134 Sr
449 2076 554 2133 autem
575 2068 644 2132 haeo
666 2067 788 2132 illorum
810 2069 952 2132 umbram
973 2068 1078 2134 dioent
1101 2090 1183 2148 ease,
1211 2073 1404 2157 qnemadmo

254 2174 330 2238 dum
344 2173 469 2260 quidam
488 2172 625 2258 ipsorum
646 2171 763 2236 audent
781 2171 894 2250 dicere,
916 2172 972 2236 ⁸ut
993 2172 1166 2237 secundum
1182 2173 1244 2239 hoe
1259 2174 1404 2261 imagines

255 2299 334 2356 esse,
350 2297 476 2342 neeesse
497 2274 556 2339 erit
578 2282 610 2339 et
628 2296 757 2359 corpora
778 2274 863 2361 ipeos
884 2296 922 2339 ee
943 2297 1012 2362 quae
1030 2282 1103 2340 sunt
1118 2298 1244 2341 sursum
1260 2278 1403 2343 confiteri.

256 2381 306 2446 Ea
325 2380 408 2445 enim
423 2401 493 2465 quae
515 2386 729 2442 sursumsunt
750 2399 881 2464 corpore
900 2379 1043 2443 umbram
1065 2379 1196 2458 faciunt,
1220 2402 1286 2445 non
1307 2390 1404 2447 autem

251 2485 319 2570 jam
338 2481 497 2569 spiritalia,
512 2480 761 2568 quandoquidem
778 2480 873 2545 “nulli
888 2483 1053 2547 obscurare
1066 2492 1208 2567 possunt
1255 2483 1292 2550 si
1306 2494 1404 2550 autem

254 2595 287 2652 et
302 2587 411 2650 demus
425 2584 484 2648 illis
498 2584 568 2660 boe,
591 2583 674 2671 quod
691 2583 817 2670 quidem
838 2591 886 2650 est
908 2584 1106 2671 impossibile,
1126 2607 1235 2651 eorum
1251 2609 1324 2674 qnae
1338 2596 1405 2652 sunt

254 2687 405 2776 spiritalia
432 2694 465 2751 et
493 2686 596 2751 lueida
624 2686 766 2750 umbram
794 2707 873 2765 esse,
899 2687 932 2750 in
958 2709 1051 2773 quem
1075 2688 1216 2753 Matrem
1241 2711 1335 2755 suam
1358 2691 1405 2754 de·

254 2789 411 2855 seendisse
434 2789 551 2865 dieunt,
574 2795 766 2853 tamencum
781 2787 911 2853 illesint
928 2798 1056 2868 esterna,
1079 2798 1112 2855 et
1134 2813 1173 2856 ee
1192 2814 1266 2879 quae
1281 2816 1322 2858 ex
1335 2795 1405 2880 ipsie

253 2891 386 2957 efficitur
399 2890 509 2954 umbra
522 2890 711 2975 sempiterna
728 2899 913 2975 perseverat,
934 2900 967 2956 et
988 2914 1050 2956 non
1069 2895 1137 2980 jam
1151 2901 1320 2961 transeunt
1332 2897 1405 2973 haee,

252 2994 309 3061 sed
323 2999 520 3080 perseverant
536 3014 608 3056 eum
622 2992 683 3070 his,
694 3014 763 3078 quae
778 3014 812 3057 se
826 2993 1023 3060 adumbrant.
1059 2995 1094 3061 Si
1108 3005 1217 3061 sutem
1228 2997 1299 3064 haee
1310 3008 1405 3066 trane

253 3107 339 3176 eunt,
361 3105 394 3162 et
416 3096 468 3160 illa
489 3117 616 3161 neeesse
630 3104 689 3173 est,
712 3117 843 3180 quorum
858 3096 926 3161 haee
941 3104 1015 3160 sunt
1029 3098 1149 3177 umbra,
1172 3101 1328 3167 transire:
1351 3102 1406 3166 illis

251 3211 358 3268 autem
373 3199 651 3287 perseverantibus,
670 3208 846 3283 perseverat
868 3209 901 3265 et
920 3202 1030 3266 umbra
1048 3201 1198 3288 ipsorum.
1247 3205 1283 3271 Si
1307 3214 1407 3271 antem

252 3324 315 3367 non
330 3301 501 3366 seeundum
515 3301 546 3364 id
562 3300 643 3386 quod
659 3299 868 3379 obumbretur,
891 3301 996 3366 dicent
1010 3323 1079 3366 eam
1093 3304 1239 3368 umbram
1253 3327 1335 3385 esse,
1356 3307 1407 3372 sed

251 3401 421 3468 seeundum
445 3401 478 3464 id
501 3400 584 3487 quod
606 3400 704 3465 multo
727 3401 767 3464 ab
790 3401 850 3466 illis
875 3411 1019 3488 separata
1043 3403 1116 3482 sint,
1139 3408 1264 3490 paterni
1287 3407 1407 3473 luminis

251 3506 389 3592 ipsorum
404 3504 605 3587 pusillitatem
626 3512 659 3568 et
680 3503 893 3569 infirmitatem
912 3508 1115 3586 accusabunt,
1131 3509 1223 3594 quesi
1239 3533 1306 3577 non
1318 3514 1406 3580 attin·

251 3615 307 3696 gat
321 3629 419 3694 usque
432 3606 473 3671 ad
488 3607 564 3681 baeo,
586 3606 641 3670 sed
662 3605 787 3671 deficiet
808 3606 977 3693 adimplere
999 3609 1030 3674 id
1052 3611 1136 3696 quod
1151 3620 1203 3678 est
1218 3636 1361 3696 vacuum,
1377 3627 1408 3682 et

252 3711 419 3777 dissolvere
441 3712 594 3789 umbram,
621 3716 653 3773 et
678 3709 738 3774 boe
761 3712 886 3796 quando
909 3734 1001 3777 nemo
1022 3713 1064 3778 sit
1089 3714 1329 3802 impedimento.
1372 3720 1407 3783 ln

252 3875 345 3938 applies
356 3881 383 3923 to
394 3876 436 3924 the
448 3876 529 3924 AEons
541 3876 570 3924 of
577 3877 620 3925 the
631 3877 749 3940 pleroma,
762 3877 805 3925 the
853 3884 898 3926 not
914 3885 993 3927 amnt.

252 3956 306 4005 first
324 3961 351 4004 to
368 3957 411 4005 the
430 3957 622 4007 multitudinous
644 3963 806 4022 eounterpart
902 3959 913 3990 ⁴
930 3960 974 4008 Oa.
988 3975 1047 4022 quoe,
1061 3961 1165 4009 relative
1175 3967 1204 4010 to
1215 3963 1336 4015 AEonum.

252 4037 281 4084 ot
293 4038 361 4086 them
379 4037 404 4085 in
428 4038 545 4087 ereation.
582 4038 677 4087 Gneus
699 4039 725 4087 in
743 4039 804 4088 both
902 4041 1404 4114 ⁶Theusnslstionm0nrsrimgmq

251 4120 333 4184 pleees
351 4119 432 4184 pn'nts
451 4133 510 4182 φη.
853 4125 881 4172 of
894 4125 937 4173 the
955 4125 1038 4174 Greek
1056 4125 1145 4187 words,
1166 4128 1234 4178 ὥστε
1255 4134 1321 4182 κατὰ
1341 4134 1407 4182 retro

300 4202 310 4234 ¹
327 4200 579 4265 ineomprelermbM,
594 4218 622 4250 eo
633 4202 676 4250 the
687 4202 763 4252 Mss
853 4207 943 4256 εἰκόνας
956 4207 1023 4256 εἴναι.

300 4283 740 4334 ¹mn0mueerna11uemss
901 4286 1002 4336 suuis
1023 4288 1151 4340 mmmm
1168 4302 1282 4354 mar.
1331 4296 1406 4347 orm

299 4366 383 4425 ³non,
402 4365 506 4415 omitted
523 4367 549 4414 in
566 4367 609 4414 the
625 4366 670 4415 (312.
688 4367 737 4415 aud
750 4367 802 4416 An.
851 4370 946 4431 lomatio,
966 4386 1015 4433 pro
1036 4373 1102 4421 nulli
1124 4374 1259 4437 caliginem
1282 4379 1403 4442 medor,

250 4445 327 4497 MSS.
337 4448 524 4512 thongthss.
530 4453 621 4497 asserta
628 4448 670 4496 the
677 4453 801 4513 oontrary.
852 4452 884 4500 τὰ
895 4455 1044 4511 πνευματικὰ
1053 4455 1139 4514 μηδενὶ
1151 4457 1292 4509 ἐπισκοτεῖν
1305 4463 1402 4511 libem

249 4527 344 4578 (inm
357 4528 551 4594 eboiswrong.
586 4530 636 4578 Aa.
650 4529 721 4578 reads
739 4538 802 4590 sont,
852 4531 973 4583 Fadana.
