2954 4986
561 366 789 420 amuclero.
1181 354 1245 418 155
1315 427 1319 434 ,

90 522 145 594 καὶ
164 520 291 608 δεκάδα,
306 523 359 594 καὶ
377 521 539 595 δωδεκάδα
559 524 828 626 ὑπομερῖζοντος,
852 525 905 596 καὶ
926 523 979 597 διὰ
999 530 1066 598 τῶν
1084 529 1246 598 τοιούτων
1259 543 1410 629 {mill}

91 641 416 721 πολυπλασιασμῶν,
436 636 479 710 τό
497 636 643 736 ἅῤῥητον
666 639 719 708 καὶ
746 638 946 723 ἀνεννόητον,
967 642 1007 714 ὡς
1025 639 1067 709 σὺ
1088 640 1161 738 φὴς,
1183 645 1246 711 τοῦ
1259 638 1410 722 Q

92 747 235 848 Πατρός
252 748 519 841 εἰιδιηγονμένον;
548 749 619 820 Καὶ
640 751 676 822 ὃν
688 752 870 833 ἆσιύματον
888 752 943 821 καὶ
956 752 1107 822 ἆνούσιον
1128 749 1247 834 όνομύ-

93 860 166 961 ζεις,
183 861 244 944 τὴν
262 863 385 935 τούτου
407 863 520 934 ούσέαν
542 863 598 934 καὶ
621 863 682 946 την
704 864 895 935 ὑπόστασιν
920 866 955 935 ἐκ
978 868 1117 934 πολλῶν
1136 892 1247 962 γραμ-

91 970 214 1058 μύτων,
245 975 365 1075 ἑτέρων
395 974 434 1070 έξ
463 976 582 1075 ἑτέρων
611 977 823 1068 γεννωμένων,
853 974 1117 1077 κατασκευάζεις,
1146 975 1247 1052 alric

92 1085 281 1163 ’Δαίδαλος
310 1085 442 1184 ψευδὴς,
470 1089 524 1158 καὶ
550 1089 675 1160 τέκτων
700 1088 796 1166 κακὸς
821 1090 993 1181 γενόμενος
1012 1097 1070 1172 τῆς
1094 1119 1247 1187 προπον-

92 1195 281 1298 νπερτύτον
296 1197 463 1284 δυνάμεως·
488 1203 543 1272 καὶ
568 1201 606 1284 ἢν
625 1202 808 1300 ἀμέριστον
828 1202 892 1300 φης
910 1200 998 1285 εἶναι,
1018 1205 1061 1278 εἷς
1085 1198 1245 1300 ἆφιύνονς,

90 1311 144 1381 καὶ
182 1316 377 1410 φωνήεντος,
413 1314 467 1385 καὶ
503 1315 688 1414 ἡμιφώνους
727 1314 907 1414 φθόγγους
942 1311 1158 1414 ύπομερῖζων·
1201 1311 1245 1385 τδ

92 1422 226 1524 ἄφωνον
260 1425 367 1496 αύτῶν
398 1428 448 1516 τῷ
483 1431 549 1498 τῶν
587 1422 721 1498 πάντων
761 1426 890 1525 Πατρῖ,
920 1426 974 1496 καὶ
1011 1428 1055 1518 τῇ
1084 1431 1149 1497 τοῦ
1176 1428 1247 1496 υἱοῦ

92 1531 134 1641 [l.
159 1531 301 1641 τούτου]
334 1540 441 1630 ἐννοίᾳ
473 1536 744 1634 ε’πιφενδόμενος,
777 1541 820 1614 εἷς
851 1539 911 1620 τὴν
941 1535 1101 1609 ἆνωτύτω
1130 1539 1246 1626 βλασ-

10 1675 19 1711 ·.
54 1700 60 1712 ·
92 1649 219 1746 φημῖαν
236 1649 290 1720 καὶ
314 1653 480 1743 μεγίστην
497 1651 657 1740 ἀσέβειαν
675 1652 889 1739 ἐμβέβληκας
909 1648 1060 1727 ἅπαντας
1086 1650 1162 1726 τούς
1188 1681 1244 1721 σοι

91 1761 310 1845 πειθομένους.

172 1895 227 1961 17.
279 1872 345 1945 Διό
375 1872 430 1945 καὶ
461 1871 586 1950 δικαίως
610 1874 664 1946 καὶ
694 1873 908 1976 ύρμοζόντως
933 1877 977 1968 τῇ
1009 1873 1149 1966 τοιαύτη
1183 1904 1246 1944 σον

10 2035 16 2047 -
92 1986 240 2080 τόλμηό
266 1990 371 2064 2θεῖος
396 1988 587 2081 πρεσβύτης
610 1988 664 2058 καὶ
686 1985 787 2087 κῆρνξ
811 1996 869 2071 τῆς
895 1987 1048 2071 ἆληθείας
1078 1986 1246 2085 ἐμμέτρως

92 2099 294 2186 ε’πιβεβόηκέ
317 2130 383 2183 σοι,
404 2099 501 2171 εἰπὼν
521 2097 632 2177 οὕτως·

287 2242 487 2318 Ἐἷδωλοτοιεζ
508 2242 621 2325 Μάρκε,
643 2243 688 2302 και
709 2240 924 2324 τερατοσκόπε,

288 2339 517 2420 Ἀστρολογικῆς
536 2337 650 2421 έμπειρε
671 2337 716 2397 καὶ
735 2341 852 2412 μαγικῖης
873 2336 987 2419 τέχνης,

90 2507 293 2595 partientem,
322 2513 357 2572 et
382 2530 441 2593 per
465 2507 646 2593 hujusmodi
673 2506 952 2592 multiplicationes
981 2505 1058 2571 illud
1084 2506 1168 2592 quod
1195 2511 1246 2572 est

90 2606 300 2673 inenarrabile
325 2613 359 2672 ct
382 2607 656 2693 ⁴inooguoscibile,
680 2607 947 2692 quemadmodum
968 2612 1006 2671 tu
1028 2604 1116 2683 dicis,
1136 2605 1245 2672 Patris

90 2708 313 2773 enarrantem!
363 2708 408 2772 Ει
431 2729 525 2792 quem
548 2706 776 2792 incorporalem
801 2713 836 2771 et
860 2705 1126 2771 insubstantivum
1145 2705 1246 2770 nomi·

90 2829 156 2881 nas,
173 2807 267 2893 hujus
289 2807 458 2872 materiam
483 2813 517 2871 ot
541 2806 755 2871 substantiam
776 2828 816 2870 cx
839 2806 948 2870 multis
972 2806 1084 2882 literis,
1111 2806 1180 2870 aliis
1205 2828 1244 2870 ex

91 2906 159 2972 aliis
173 2907 345 2992 generatis,
361 2906 507 2980 fabricas,
525 2906 592 2991 ipse
611 2904 763 2970 Daedalus
778 2905 872 2970 fictor
894 2912 928 2969 et
953 2905 1044 2969 faber
1060 2905 1161 2969 malus
1182 2905 1246 2970 fae-

91 3013 143 3072 tus
159 3006 389 3072 sublimissimae
406 3005 554 3071 rimatis:
578 3013 613 3070 et
635 3027 731 3091 quam
757 3004 978 3068 indivisibilem
1000 3004 1079 3068 dieis
1099 3005 1246 3067 substan-

91 3105 180 3182 tiam,
197 3106 230 3169 in
248 3113 362 3180 mutas,
387 3114 421 3171 ct
446 3105 578 3180 vocales,
599 3111 633 3169 et
650 3103 851 3168 semivocales
867 3125 962 3167 sonos
978 3102 1190 3180 subdividens,
1212 3101 1244 3166 id

92 3206 176 3291 quod
192 3213 241 3270 est
258 3213 384 3270 mutum
400 3205 432 3269 in
448 3204 507 3280 bis,
525 3203 666 3269 omnium
683 3201 776 3268 Patri
797 3213 831 3267 et
856 3202 949 3288 hujus
972 3200 1142 3266 intentioni
1159 3222 1246 3265 meu-

91 3305 183 3380 tiens‚
201 3304 234 3369 in
251 3326 407 3370 summam
418 3303 647 3390 blasphemiam
664 3309 698 3369 et
715 3324 864 3390 maguam
876 3300 1075 3388 impietatem
1087 3299 1246 3366 immisisti

92 3426 201 3470 omnes
217 3402 270 3490 qui
289 3403 349 3469 tibi
364 3405 509 3469 creduut.

165 3503 220 3574 17.
266 3502 473 3589 Quapropter
489 3510 523 3568 et
536 3504 624 3589 juste
640 3510 675 3568 et
691 3509 767 3588 apte
784 3501 842 3567 tali
859 3499 1037 3567 temeritati
1053 3507 1120 3566 tuoe
1131 3499 1246 3566 divinae

92 3603 293 3688 aspirationis
315 3602 421 3668 senior
437 3610 472 3669 et
496 3625 602 3690 praeeo
619 3602 765 3669 veritatis
785 3602 928 3666 invectus
950 3607 1000 3666 est
1023 3600 1057 3665 in
1074 3607 1119 3678 te,
1138 3600 1246 3665 dicens

93 3723 158 3769 sm:

211 3828 368 3889 Idolorum
377 3828 553 3905 fabricator,
574 3828 683 3902 Mores,
705 3837 731 3887 οι
745 3837 947 3904 panaceam
966 3826 1116 3903 ι’ωιμεοιοτ,

211 3925 384 4002 Διιιοίοηίω
404 3927 534 4002 coppam·
552 3935 578 3984 et
598 3926 719 4001 πιαηίοω
738 3925 821 3998 artis,

139 4089 311 4150 mannua,
335 4091 380 4140 the
401 4088 582 4139 fabricatores
601 4088 645 4138 tlte
691 4088 812 4152 lcsopby;
839 4088 890 4136 and
914 4103 943 4136 aa
969 4087 1063 4150 having
1088 4087 1176 4136 deified
1202 4089 1247 4137 tbc

93 4172 185 4220 Cretan
206 4171 342 4235 labyrinth,
361 4171 433 4236 aptly
450 4171 599 4220 illustrativc
618 4170 648 4219 of
693 4171 774 4220 αἰῶνες
785 4170 813 4219 cf
827 4171 870 4219 the
884 4170 1015 4229 Pleroma3
1031 4170 1079 4218 but
1095 4185 1163 4217 more
1180 4185 1245 4232 espe«

93 4252 376 4303 theMmosiaumanc.
693 4251 766 4316 eially
779 4250 903 4311 Ἀλήθεια.
923 4252 955 4301 cf.
974 4255 1038 4314 515.
1071 4250 1243 4313 τερατοσκιπε,

140 4333 221 4385 ''lbe
248 4335 383 4384 trarulator
403 4334 526 4399 probably
546 4334 606 4383 read
632 4334 648 4383 d
693 4331 885 4383 Zeetendaeer.
905 4334 945 4382 Su.

94 4416 250 4466 θεόπνευστος
261 4434 302 4477 πρ.
742 4414 823 4463 ‘The
851 4416 996 4463 Calamona·
1018 4414 1075 4463 MS.
1099 4413 1174 4461 omits
1197 4412 1248 4461 this

141 4497 153 4529 ⁸
169 4499 317 4559 εἰδωλοποιὲ,
329 4513 357 4547 as
367 4497 462 4561 having
468 4496 542 4560 giren
553 4512 569 4545 a
576 4511 646 4544 mon·
696 4496 773 4557 word,
786 4497 832 4545 but
842 4498 863 4546 it
874 4498 895 4545 is
906 4497 988 4560 owing
1002 4503 1030 4544 ιο
1042 4496 1085 4543 the
1096 4494 1189 4542 similar
1198 4499 1247 4544 ter-

92 4578 403 4645 mmmmm
419 4578 647 4642 deorumne
697 4576 1113 4642 minaticnosaprecsdingwcrd.
