2954 4986
476 354 553 409 nso
579 355 850 410 nusanvaunn.
1174 338 1241 408 357

83 510 309 599 transgressori
334 516 418 589 sunt,
442 510 630 597 praeparavit
650 510 692 575 ab
719 508 828 574 initio:
856 508 956 595 ipsam
980 516 1088 575 autem
1114 530 1241 575 causam
1283 528 1337 614 app
1350 528 1379 614 p.

83 622 205 679 naturae
235 612 539 699 transgredientium,
573 634 674 698 neque
709 611 870 699 Scriptura
901 611 1004 699 aliqua
1036 610 1153 689 retulit,
1182 633 1241 677 nec
1260 587 1401 708 ⁰,¹,i,¹,}},¹,¹{f·

83 717 260 802 Apostolus
281 715 369 794 dixit,
385 738 443 781 neo
465 714 619 780 Dominus
641 714 757 779 docuit.
802 713 971 780 Dimittere
992 715 1097 801 itaque
1118 722 1242 801 oportet
1259 714 1404 799 ..autp-

83 819 277 905 agnitionem
299 818 381 884 hanc
396 818 477 896 Deo,
493 817 754 905 quemadmodum
776 825 810 882 et
826 816 982 882 Dominus
999 816 1083 882 horae
1104 825 1137 883 et
1157 817 1239 891 diei;

83 943 142 986 nee
164 922 196 985 in
216 929 341 986 mutum
362 920 538 1006 periclitari,
558 920 605 984 uti
621 919 691 984 Deo
713 918 838 1005 quidem
860 920 1067 986 concedamus
1085 919 1172 997 nihil,
1190 923 1241 984 ¹et

84 1024 154 1089 haec
165 1046 205 1089 ex
216 1032 305 1111 parte
318 1023 507 1108 accipientes
517 1022 661 1109 gratiam.
687 1022 725 1085 ln
738 1045 776 1088 eo
790 1030 895 1087 autem
906 1046 978 1088 curn
988 1022 1156 1109 quaerimus
1170 1045 1241 1109 quae

40 1146 59 1185 a
85 1136 161 1191 suut
182 1149 276 1211 super
292 1147 360 1201 nos,
375 1134 409 1190 et
427 1124 459 1189 in
474 1146 545 1211 quae
564 1123 719 1211 attingere
737 1124 828 1189 nobis
848 1134 984 1202 nonest,
1000 1124 1105 1190 necin
1119 1133 1241 1190 tantam

85 1229 251 1295 audaciam
273 1228 379 1294 venire
402 1228 448 1291 uti
473 1227 645 1313 pandamus
671 1226 776 1292 Deum
800 1236 834 1292 et
856 1249 926 1314 quae
955 1228 1093 1292 nondum
1115 1227 1242 1292 inventa

86 1340 171 1409 sunt,
187 1332 276 1420 quasi
294 1333 362 1417 jam
383 1330 591 1397 invenerimus
610 1352 665 1415 per
689 1330 887 1395 emissionum
911 1330 1119 1418 vaniloquium
1138 1332 1241 1417 ipsum

87 1434 226 1499 omnium
241 1435 392 1499 factorem
407 1433 522 1511 Deum,
543 1441 576 1496 et
599 1433 638 1496 de
657 1432 830 1497 delectione
850 1442 882 1497 et
897 1433 1073 1519 ignorantia
1089 1434 1241 1499 ’asserere

87 1539 297 1604 substantiam
310 1538 466 1614 habuisse,
483 1545 516 1603 et
530 1536 576 1601 sic
591 1534 719 1621 impium
734 1536 882 1602 adversus
897 1536 1000 1600 Deum
1014 1537 1132 1623 fingere
1150 1559 1241 1625 argu·

88 1650 238 1707 mentum.
285 1641 366 1705 Post
385 1640 496 1705 deinde
515 1638 633 1702 nullum
648 1638 765 1703 habent
778 1638 992 1703 testimonium
1006 1639 1074 1724 ejus
1088 1638 1240 1727 figmenti,

88 1746 171 1832 quod
186 1767 294 1810 recens
307 1745 349 1809 ab
363 1744 410 1810 eis
423 1744 622 1808 adinventum
638 1751 696 1819 est,
709 1741 874 1828 aliquando
888 1741 1012 1828 quidem
1027 1764 1082 1828 pcr
1096 1765 1242 1808 numeros

88 1848 253 1935 quoslibet,
276 1848 441 1935 aliquando
463 1854 570 1911 autem
591 1867 647 1931 per
667 1844 812 1931 syllabas,
835 1866 1054 1932 nonnunquam
1076 1854 1181 1911 autem
1209 1858 1242 1913 et

89 1973 145 2037 per
170 1952 315 2016 nomina:
339 1959 388 2017 est
411 1958 516 2015 autem
543 1948 668 2035 quando
692 1956 724 2013 et
745 1970 801 2034 per
822 1969 876 2012 eas
896 1970 967 2034 quar
990 1947 1023 2011 in
1044 1947 1142 2013 literis
1167 1958 1242 2016 sunt

89 2054 205 2132 literas,
220 2054 387 2141 aliquando
401 2062 508 2118 autem
528 2062 561 2117 et
576 2074 632 2138 per
651 2050 814 2138 parabolas
834 2073 896 2115 non
911 2060 995 2117 recte
1010 2052 1178 2132 exsolutae,
1193 2055 1242 2119 vel

89 2183 145 2247 per
166 2159 358 2245 suspiciones
377 2158 527 2245 quasdam
542 2157 727 2222 ⁸consistere
745 2155 850 2222 conari
865 2177 934 2221 eam
957 2155 1129 2223 fabulosam
1150 2180 1241 2224 enar·

89 2263 251 2341 rationem,
267 2284 336 2349 quae
351 2261 393 2327 sit
407 2263 448 2325 ab
462 2261 507 2327 eis
521 2260 672 2327 effictitia.

154 2371 185 2433 3.
231 2367 359 2431 Etenim
373 2366 402 2430 si
416 2366 486 2451 quis
500 2364 643 2451 exquirat
657 2386 793 2444 causam,
809 2372 935 2451 propter
948 2388 1041 2453 quam
1054 2366 1087 2432 in
1098 2368 1243 2433 omnibus

90 2471 188 2536 Pater
209 2469 442 2535 communicans
466 2467 558 2545 Filio,
580 2467 665 2532 solus
687 2467 767 2532 scire
785 2469 893 2533 horam
911 2478 944 2535 et
966 2470 1049 2534 diem
1069 2470 1243 2536 aDonriuo

88 2573 307 2637 manifestatus
328 2580 387 2649 est,
409 2592 508 2657 neque
527 2569 695 2655 aptabilem
710 2570 820 2657 magis,
836 2592 937 2656 neque
951 2572 1169 2651 decentiorem,
1185 2594 1243 2639 nec

89 2677 157 2741 sine
172 2675 308 2763 periculo
321 2674 452 2739 alteram
477 2694 570 2759 quam
592 2672 673 2738 hanc
694 2672 831 2738 inveniat
853 2673 886 2737 in
907 2676 1065 2760 praesenti,
1079 2676 1243 2763 ⁴quoniam

89 2780 173 2845 enim
194 2779 280 2845 solus
301 2800 396 2843 verax
416 2778 568 2864 magister
585 2787 635 2841 est
653 2777 820 2854 Dominus,
836 2787 872 2843 ut
890 2778 1047 2844 discamus
1067 2802 1122 2866 per
1141 2782 1243 2867 ipsum

90 2903 184 2967 super
204 2882 310 2946 omnia
330 2903 400 2945 esse
422 2879 562 2944 Patrem.
607 2878 736 2943 Etenim
760 2881 888 2959 6Ραίεν,
914 2880 970 2958 ait,
996 2882 1095 2967 major
1119 2906 1166 2948 me
1191 2895 1242 2950 est.
1256 2908 1397 2948 sonarem

61 3038 65 3046 .
91 2984 136 3048 Et
160 2985 330 3049 secuudum
355 2982 548 3069 agnitionem
572 2981 678 3066 itaque
702 2982 889 3067 praepositus
915 3004 985 3046 esse
1004 2983 1103 3048 Pater
1125 3007 1244 3050 annun·

90 3087 189 3150 tiatus
211 3094 260 3151 est
282 3108 302 3150 a
323 3083 461 3149 Domino
487 3092 594 3147 nostro
616 3082 657 3146 ad
683 3081 754 3160 hoc,
782 3091 818 3146 ut
842 3090 875 3146 et
901 3104 968 3160 nos,
991 3083 1024 3146 in
1048 3087 1244 3170 quantumin

90 3190 206 3277 ⁶ligura
221 3186 436 3275 hujusmundi
452 3207 569 3263 sumus,
585 3186 756 3272 perfectam
770 3184 935 3250 scientiam
954 3195 987 3251 et
1001 3186 1080 3252 tales
1099 3189 1244 3273 quaestic

90 3314 147 3359 nes
162 3293 370 3358 concedamus
392 3290 481 3355 Dec:
505 3297 538 3354 et
560 3311 599 3353 ue
617 3289 697 3354 lorte
719 3296 895 3374 quaerentes
917 3289 1113 3355 altitudinem
1139 3292 1246 3357 Patris

90 3396 287 3483 investigare,
314 3395 494 3459 intantum
513 3392 684 3478 periculum
706 3389 891 3471 incidamus,
921 3392 967 3458 uti
993 3417 1179 3481 quaeramus,
1204 3418 1246 3461 an

89 3522 184 3586 super
198 3498 302 3563 Deum
316 3497 396 3563 alter
409 3497 452 3561 sit
467 3496 565 3561 Deus.

156 3606 187 3668 4.
233 3601 268 3666 Si
281 3610 388 3667 autem
400 3600 470 3687 quis
483 3621 594 3665 amans
608 3600 850 3681 contentionem,
866 3603 1075 3669 contradictor
1089 3604 1182 3671 fuerit
1196 3604 1246 3671 bis

90 3729 161 3794 quae
188 3729 208 3772 a
233 3706 324 3771 nobis
353 3705 544 3781 dictasunt,
571 3712 604 3770 et
629 3703 679 3770 bis
702 3726 772 3791 quae
794 3705 835 3768 ab
860 3706 1015 3791 Apostolo
1038 3705 1136 3773 relata
1160 3718 1245 3783 sunt,

141 3929 149 3961 ¹
168 3931 304 3990 καὶταῦτα,
318 3929 453 3993 etquidem.
695 3930 754 3991 ὑπὲρ
772 3931 840 3991 ἡμᾶς,
861 3931 901 3980 καὶ
919 3932 951 3981 εἰς
973 3932 989 3980 d
1012 3934 1111 3995 φθάνειν
1131 3936 1187 3995 ἡμῖν
1205 3936 1246 3982 οὐκ

139 4011 406 4074 'ducrere-fingere.
448 4011 547 4061 Mallem
569 4010 643 4074 legere
694 4014 779 4073 ἔνεστι,
790 4016 843 4063 οὐδὲ
854 4016 886 4065 εἱς
897 4016 972 4076 τόσην
982 4019 1133 4077 καταντῆσαι
1143 4018 1243 4075 τόλμην,

89 4104 222 4156 umerentea,
237 4096 391 4158 elfinpentm
408 4094 575 4159 alioquimim
587 4110 640 4144 eon·
694 4094 759 4143 dm
780 4096 956 4147 ἀνακαλύπτειν
978 4099 1021 4147 τὸν
1042 4098 1185 4147 θεόν...κώ
1204 4099 1246 4159 βε·

88 4176 187 4226 atcania
204 4184 235 4225 eat
252 4176 321 4225 raldo
333 4176 462 4225 anomala:
478 4176 538 4225 odeo
553 4184 578 4225 vt
591 4192 641 4225 aava·
692 4178 823 4238 βαιοῦσθαι
883 4181 923 4227 καὶ
944 4181 1053 4243 δυσσεβῆ
1074 4179 1138 4228 οὕτω
1194 4196 1246 4227 τοι·

88 4258 155 4322 picio
178 4259 266 4319 aulient,
291 4274 369 4305 onam
393 4258 522 4307 alterumue
546 4258 642 4307 terbum
695 4260 772 4308 εἳσθαι
788 4260 869 4321 λόγον.
901 4274 954 4325 192.

88 4340 244 4389 intercidisse.
264 4341 366 4390 Graan.
396 4340 641 4405 blaesumupplion
742 4339 898 4404 ⁸conaiatere,
917 4344 1044 4403 συστῆσαι.

88 4440 157 4472 some
171 4423 364 4471 suclrwordsas
377 4421 560 4470 absurdarum.
589 4422 642 4470 'lna
743 4422 892 4487 ‘quonium
906 4426 1011 4487 ὅτιγιίρ.
1040 4424 1144 4475 (itm.

89 4504 215 4567 following
232 4504 378 4552 restoration
399 4502 420 4550 ia
439 4502 530 4549 offered
549 4502 575 4549 in
592 4502 641 4551 lieu
743 4504 823 4555 'The
834 4506 934 4555 Cultu.
948 4506 1004 4556 Ms.
1017 4507 1093 4557 omit·
1104 4506 1187 4559 Puer.

89 4588 118 4637 ol
132 4592 272 4645 comment;
290 4588 315 4635 ἐν
331 4586 409 4645 τούτῳ
425 4586 450 4633 dl
468 4586 592 4645 ζητοῦντες
610 4587 643 4633 τὰ
742 4585 753 4615 ⁸
770 4588 794 4635 o
810 4588 902 4648 σχέσει.

190 4694 264 4740 vor..
284 4695 303 4737 ι.
1101 4678 1146 4744 23
