2954 4986
246 335 314 400 382
534 350 678 405 CORPUS
704 351 864 404 anniam
890 350 1119 406 Paautcluan

109 524 163 565 ΗΒ.
173 525 202 564 11.

125 572 160 609 lvi.
172 573 188 609 1.

85 617 131 656 GR
140 618 165 655 llv
175 618 225 656 nu.

97 663 174 703 HASS.
187 665 214 704 11.

108 712 208 749 ‚uita
710 694 812 761 cAP.
835 694 926 761 LVI.

246 876 433 969 Quomodo
457 875 601 968 animm,
624 903 707 951 oum
729 875 801 951 sint
826 875 1058 976 qenerotztes,
1087 875 1128 951 ia
1142 875 1321 978 sutanum
1345 875 1396 951 in·

560 993 813 1094 corruptibiles
828 1008 1075 1094 porse-uerunt.

310 1200 340 1262 1.
385 1196 612 1284 S1quiautem
633 1196 694 1262 hoo
716 1196 749 1261 in
771 1196 839 1262 loeo
861 1195 978 1275 dicant,
994 1217 1057 1261 uon
1077 1218 1171 1282 posse
1192 1195 1315 1262 animas
1336 1217 1458 1274 esaum

243 1321 313 1386 qum
335 1300 426 1386 paulo
448 1310 522 1365 aute
545 1323 614 1366 esse
632 1301 794 1387 coeperint,
818 1300 850 1363 in
868 1299 999 1364 multum
1022 1299 1172 1386 temporis
1193 1321 1395 1387 perseverare,

242 1403 298 1468 sed
320 1412 462 1487 oportere
476 1425 530 1468 eas
544 1412 599 1468 aut
614 1403 812 1469 innascibiles
833 1424 913 1480 esse,
931 1410 967 1467 ut
989 1402 1052 1468 sint
1072 1403 1284 1477 immortalem
1309 1402 1394 1468 velsi

241 1506 450 1594 generationis
471 1506 593 1570 initium
613 1505 800 1593 acceperint,
816 1527 887 1571 eum
907 1504 975 1592 ipso
997 1527 1124 1592 corpore
1144 1505 1244 1571 mori:
1267 1505 1394 1583 discam,

243 1609 389 1694 quoniam
410 1610 478 1675 sine
500 1609 589 1675 initio
606 1617 639 1674 et
656 1610 724 1675 sine
745 1610 817 1689 fine,
838 1631 910 1674 vere
932 1618 965 1674 et
985 1631 1108 1696 semper
1131 1610 1215 1674 idem
1235 1617 1269 1675 et
1291 1609 1395 1676 eodem

242 1714 336 1778 modo
350 1736 385 1779 se
399 1713 528 1792 habens,
543 1713 628 1778 solus
641 1722 691 1779 est
706 1714 804 1792 Deus,
820 1713 873 1800 qui
888 1720 937 1779 est
955 1714 1092 1778 omnium
1108 1713 1278 1778 Dominus.
1322 1712 1395 1794 Quae
1404 1728 1457 1768 tta

242 1827 349 1883 autem
366 1826 440 1883 sunt
458 1819 499 1883 ab
518 1817 571 1882 illo
590 1818 705 1897 omnia,
720 1840 913 1904 quaecunque
927 1819 1108 1897 factasunt,
1123 1818 1263 1897 attinnt,
1278 1815 1396 1881 initium

243 1921 367 2006 quidem
381 1944 473 1986 suum
492 1920 650 2007 accipiunt
667 1920 887 2009 generationis,
902 1930 936 1988 et
950 1944 1005 2008 per
1018 1921 1079 1988 hoo
1095 1921 1259 1988 ¹inieriora
1271 1927 1347 1987 sunt
1360 1920 1396 1984 ab

242 2047 280 2090 eo
295 2026 347 2110 qui
362 2047 400 2090 ea
414 2026 497 2104 fecit,
513 2024 658 2111 quoniam
673 2047 735 2090 non
750 2032 824 2090 sunt
841 2024 998 2113 ingenita3
1021 2034 1220 2112 peneverant
1240 2033 1348 2089 autem
1367 2031 1396 2088 et

242 2129 454 2193 extenduntur
482 2128 516 2192 in
543 2128 769 2216 longitudinem
791 2129 985 2209 saeculorum,
1012 2131 1183 2196 seeundum
1207 2128 1396 2195 voluntatem

242 2231 368 2296 factoris
383 2231 463 2296 Dei:
488 2231 533 2296 ita
552 2240 589 2297 ut
608 2231 654 2297 sie
669 2231 758 2296 initio
772 2232 893 2311 fierent,
908 2241 942 2299 et
957 2241 1075 2320 postea,
1091 2242 1127 2298 ut
1140 2233 1215 2310 sint,
1231 2232 1278 2298 eis
1292 2233 1395 2297 donat.

244 2335 512 2417 Quemadmodum
527 2335 611 2401 euim
626 2334 740 2400 eoelum
755 2335 839 2420 quod
852 2343 902 2401 est
916 2358 1010 2421 super
1024 2357 1092 2414 nos,
1107 2336 1351 2414 firmamentum,
1366 2343 1396 2399 et

241 2438 299 2517 sol,
331 2447 364 2504 et
391 2438 473 2517 luna,
500 2445 533 2504 et
558 2438 684 2525 reliquae
706 2437 817 2516 suuae,
849 2445 883 2505 et
913 2438 1018 2505 omnia
1044 2447 1227 2504 ornamenta
1250 2439 1395 2525 ipsorum,

242 2564 314 2607 cum
335 2550 409 2607 ante
434 2564 498 2607 non
519 2551 634 2621 essent,
658 2541 742 2606 iacta
763 2549 847 2621 sunt,
864 2549 895 2607 et
913 2543 1011 2607 multo
1035 2550 1175 2628 tempore
1200 2551 1396 2626 perseverant

242 2646 413 2710 seeundum
427 2647 618 2711 voluntatem
633 2645 713 2720 Dei;
728 2645 774 2711 sio
789 2653 822 2710 et
838 2646 877 2711 de
891 2646 1063 2727 animabus,
1079 2654 1111 2712 et
1126 2646 1165 2711 de
1179 2646 1351 2732 spiritibus,
1365 2656 1395 2709 et

242 2749 430 2814 omninode
455 2751 599 2815 omnibus
627 2749 769 2836 hisquae
793 2749 877 2815 faeta
900 2759 974 2815 sunt
997 2750 1139 2837 cogitans
1163 2751 1245 2836 quis,
1271 2752 1395 2816 minime

242 2851 404 2936 peccabit:
429 2853 553 2938 quando
574 2852 679 2917 omnia
699 2853 869 2940 quaefacta
888 2863 972 2931 sunt,
987 2854 1109 2919 initium
1129 2854 1255 2939 quidem
1269 2856 1394 2920 facturn

241 2977 307 3022 suae
323 2956 468 3034 habeant,
491 2964 689 3042 perseverant
703 2965 808 3022 autem
831 2957 1030 3044 quoadusque
1052 2979 1090 3023 ea
1106 2957 1194 3022 Deus
1217 2967 1251 3023 et
1271 2981 1351 3037 esse,
1366 2968 1395 3023 et

241 3080 437 3145 perseverare
448 3059 589 3125 voluerit.
623 3059 772 3124 Testatur
783 3082 839 3144 pro
853 3059 903 3123 his
913 3060 1076 3125 sententiis
1090 3060 1184 3125 etiam
1196 3061 1395 3148 propheticus

95 3197 146 3225 aex
157 3187 185 3225 vu
240 3163 377 3249 spiritus,
393 3163 520 3228 dicens:
541 3163 691 3242 Quoniam
710 3164 774 3249 ipso
789 3163 881 3241 doluit,
897 3173 925 3228 ot
932 3165 1028 3248 sacto
1041 3174 1113 3229 suat
1121 3191 1131 3238 ;
1148 3165 1214 3251 ipso
1225 3165 1394 3242 mandavit,

90 3260 95 3279 '
117 3264 121 3273 ’
240 3281 267 3336 ot
285 3281 389 3336 creata
410 3280 489 3335 suot.
534 3271 654 3336 Statuit
669 3293 706 3335 ou
726 3270 929 3348 insecutum,
945 3271 1309 3338 etinsoeoutumscoouli.
1354 3272 1394 3336 Et

94 3403 155 3432 m.
177 3418 184 3433 .
240 3373 353 3439 iterum
368 3373 407 3437 de
422 3373 569 3439 salvando
584 3373 709 3439 homine
728 3374 774 3438 sio
793 3374 856 3438 ait:
889 3374 992 3438 Vitam
1007 3375 1101 3460 potiit
1117 3397 1138 3440 u
1158 3385 1197 3454 to,
1213 3385 1242 3440 et
1263 3375 1395 3441 tuibuiati

240 3477 270 3541 ei
284 3476 502 3561 toayitudiaom
512 3476 634 3540 diorum
649 3477 683 3540 in
693 3477 837 3541 amentum
848 3477 971 3542 soeouti:
989 3486 1139 3564 tauquam
1148 3478 1247 3544 Patre
1259 3481 1393 3545 omnium

239 3579 386 3658 donante,
401 3586 434 3644 et
452 3578 484 3642 in
499 3578 649 3644 saeculum
664 3579 770 3646 saeouli
787 3581 1064 3666 ²perseverantiam
1079 3581 1128 3647 his
1142 3582 1196 3667 qni
1214 3582 1294 3648 salvi
1307 3584 1393 3648 fiunt.

241 3681 314 3747 Non
329 3682 411 3748 enim
426 3705 466 3748 ex
481 3682 581 3762 nobis,
593 3705 694 3770 neque
706 3705 746 3748 ex
757 3692 865 3748 nostra
879 3685 1063 3749 naturavita
1077 3693 1139 3761 est;
1154 3686 1211 3751 sed
1223 3687 1393 3751 seeundum

239 3787 374 3874 gratiam
387 3786 448 3851 Dei
465 3787 566 3852 datur.
612 3787 656 3852 Et
671 3787 741 3853 ideo
756 3787 808 3874 qui
823 3788 992 3853 servaverit
1006 3789 1114 3854 datum
1128 3789 1211 3869 vitae,
1224 3798 1258 3855 et
1279 3790 1395 3878 gratias

240 3891 339 3977 egerit
353 3891 381 3954 ei
397 3890 449 3974 qui
464 3891 621 3975 praestitit,
636 3891 768 3976 aooipiet
782 3899 814 3955 et
832 3891 864 3955 in
886 3892 1036 3957 saeculum
1049 3893 1156 3958 saeculi
1170 3893 1394 3981 longitudinem

239 3994 367 4059 dierum.
414 3993 475 4074 Qui
496 4001 602 4058 autem
623 3994 773 4080 abjecerit
794 4017 874 4074 eam,
896 4002 929 4060 et
949 3996 1091 4083 ingratus
1105 3997 1263 4062 exstiterit
1276 3997 1394 4074 factori,

239 4097 280 4162 ob
298 4095 357 4160 hoo
372 4094 455 4181 quod
476 4095 578 4159 faetus
602 4103 650 4160 est
673 4105 706 4162 et
728 4119 792 4161 non
814 4097 992 4184 cognoverit
1010 4119 1083 4163 eum
1102 4098 1154 4183 qui
1175 4107 1316 4184 praestat,
1332 4100 1395 4186 ipse

239 4221 274 4265 se
303 4199 402 4285 privat
429 4198 462 4262 in
487 4198 636 4263 saeoulum
660 4200 767 4266 saeeuli
794 4199 1033 4286 perseverantia.
1078 4200 1123 4265 Et
1147 4200 1218 4267 ideo
1242 4201 1395 4267 Dominus

288 4419 297 4450 ¹
316 4419 473 4482 interiorunt
484 4437 517 4470 eo.
543 4420 589 4469 See
601 4427 787 4485 p.211‚noto3.
842 4421 894 4479 blo;
911 4421 943 4470 hs
953 4421 1035 4470 would
1051 4421 1110 4470 read
1123 4421 1175 4471 Iao
1190 4423 1231 4471 sor
1244 4424 1275 4472 ab
1291 4439 1332 4480 oo,·
1348 4424 1393 4471 but

239 4501 281 4550 An
294 4502 453 4549 emendation
463 4503 492 4550 of
495 4503 636 4550 Heumann
649 4502 670 4550 is
678 4503 789 4551 adduced
840 4503 884 4551 the
899 4504 1068 4553 construction
1081 4504 1101 4554 is
1119 4505 1264 4570 manifestly
1276 4505 1390 4555 Hebron.

238 4583 272 4648 by
280 4582 403 4645 Salam,
412 4583 459 4632 but
467 4584 486 4633 it
498 4585 519 4632 is
531 4600 558 4633 aa
570 4583 641 4633 {usual
651 4584 788 4633 inadmissi·
889 4584 900 4616 ¹
917 4587 1034 4646 διαμονήν.
