<?xml version="1.0" encoding="UTF-8"?>
<!DOCTYPE html PUBLIC "-//W3C//DTD XHTML 1.0 Transitional//EN"
    "http://www.w3.org/TR/xhtml1/DTD/xhtml1-transitional.dtd">
<html xmlns="http://www.w3.org/1999/xhtml" xml:lang="en" lang="en">
 <head>
  <title>
</title>
<meta http-equiv="Content-Type" content="text/html;charset=utf-8" />
  <meta name='ocr-system' content='tesseract 3.04.00' />
  <meta name='ocr-capabilities' content='ocr_page ocr_carea ocr_par ocr_line ocrx_word'/>
</head>
<body>
  <div class='ocr_page' id='page_1' title='image "./sanctiirenaeiep01harvgoog_0471.png"; bbox 0 0 2954 4986; ppageno 0'>
   <div class='ocr_carea' id='block_1_1' title="bbox 372 649 944 738">
    <p class='ocr_par' dir='ltr' id='par_1_1' title="bbox 372 649 944 738">
     <span class='ocr_line' id='line_1_1' title="bbox 372 649 944 738; baseline 0.01 -5"><span class='ocrx_word' id='word_1_1' title='bbox 372 649 622 734; x_wconf 83' lang='lat' dir='ltr'><strong>SANCTI</strong></span> <span class='ocrx_word' id='word_1_2' title='bbox 676 652 944 738; x_wconf 86' lang='lat' dir='ltr'><strong>IRENAEI</strong></span> 
     </span>
    </p>
   </div>
   <div class='ocr_carea' id='block_1_2' title="bbox 253 866 1064 1021">
    <p class='ocr_par' dir='ltr' id='par_1_2' title="bbox 253 866 1064 1021">
     <span class='ocr_line' id='line_1_2' title="bbox 253 866 1064 1021; baseline 0.01 -9"><span class='ocrx_word' id='word_1_3' title='bbox 253 866 569 1015; x_wconf 79' lang='lat' dir='ltr'>oovvnn</span> <span class='ocrx_word' id='word_1_4' title='bbox 654 919 1064 1021; x_wconf 72' lang='lat' dir='ltr'>annuens</span> 
     </span>
    </p>
   </div>
   <div class='ocr_carea' id='block_1_3' title="bbox 578 1170 739 1181">
    <p class='ocr_par' dir='ltr' id='par_1_3' title="bbox 578 1170 739 1181">
     <span class='ocr_line' id='line_1_3' title="bbox 578 1170 739 1181; baseline 0 -1"><span class='ocrx_word' id='word_1_5' title='bbox 578 1170 739 1181; x_wconf 70' lang='lat' dir='ltr'>..o——</span> 
     </span>
    </p>
   </div>
   <div class='ocr_carea' id='block_1_4' title="bbox 566 1364 760 1419">
    <p class='ocr_par' dir='ltr' id='par_1_4' title="bbox 566 1364 760 1419">
     <span class='ocr_line' id='line_1_4' title="bbox 566 1364 760 1419; baseline 0.01 -2"><span class='ocrx_word' id='word_1_6' title='bbox 566 1364 700 1419; x_wconf 79' lang='lat' dir='ltr'><strong>LIBER</strong></span> <span class='ocrx_word' id='word_1_7' title='bbox 721 1365 760 1419; x_wconf 90' lang='lat' dir='ltr'>II.</span> 
     </span>
    </p>
   </div>
   <div class='ocr_carea' id='block_1_5' title="bbox 529 1526 795 1587">
    <p class='ocr_par' dir='ltr' id='par_1_5' title="bbox 529 1526 795 1587">
     <span class='ocr_line' id='line_1_5' title="bbox 529 1526 795 1587; baseline 0.011 -3"><span class='ocrx_word' id='word_1_8' title='bbox 529 1526 696 1585; x_wconf 78' lang='lat' dir='ltr'><em>PRAEFA</em></span> <span class='ocrx_word' id='word_1_9' title='bbox 709 1526 795 1587; x_wconf 70' lang='lat' dir='ltr'>vlo.</span> 
     </span>
    </p>
   </div>
   <div class='ocr_carea' id='block_1_6' title="bbox 36 1653 1236 2344">
    <p class='ocr_par' dir='ltr' id='par_1_6' title="bbox 36 1653 1236 2344">
     <span class='ocr_line' id='line_1_6' title="bbox 36 1653 1236 1744; baseline 0.012 -32"><span class='ocrx_word' id='word_1_10' title='bbox 36 1676 60 1713; x_wconf 72' lang='lat' dir='ltr'>a</span> <span class='ocrx_word' id='word_1_11' title='bbox 155 1653 195 1716; x_wconf 68' lang='grc' dir='ltr'>ΙΝ</span> <span class='ocrx_word' id='word_1_12' title='bbox 213 1653 315 1740; x_wconf 92' lang='lat' dir='ltr'>primo</span> <span class='ocrx_word' id='word_1_13' title='bbox 338 1655 466 1741; x_wconf 89' lang='lat' dir='ltr'>quidem</span> <span class='ocrx_word' id='word_1_14' title='bbox 488 1655 580 1731; x_wconf 92' lang='lat' dir='ltr'>libro,</span> <span class='ocrx_word' id='word_1_15' title='bbox 605 1655 658 1741; x_wconf 92' lang='lat' dir='ltr'>qui</span> <span class='ocrx_word' id='word_1_16' title='bbox 680 1663 756 1722; x_wconf 89' lang='lat' dir='ltr'>ante</span> <span class='ocrx_word' id='word_1_17' title='bbox 773 1655 857 1721; x_wconf 91' lang='lat' dir='ltr'>hunc</span> <span class='ocrx_word' id='word_1_18' title='bbox 880 1662 939 1732; x_wconf 89' lang='lat' dir='ltr'>est,</span> <span class='ocrx_word' id='word_1_19' title='bbox 957 1663 1127 1744; x_wconf 78' lang='lat' dir='ltr'>arguentes</span> <span class='ocrx_word' id='word_1_20' title='bbox 1149 1659 1236 1726; x_wconf 83' lang='lat' dir='ltr'>¹ialsi</span> 
     </span>
     <span class='ocr_line' id='line_1_7' title="bbox 83 1753 1235 1841; baseline 0.009 -25"><span class='ocrx_word' id='word_1_21' title='bbox 83 1753 220 1818; x_wconf 86' lang='lat' dir='ltr'>nominis</span> <span class='ocrx_word' id='word_1_22' title='bbox 241 1755 438 1841; x_wconf 80' lang='lat' dir='ltr'>agnitionem</span> <span class='ocrx_word' id='word_1_23' title='bbox 454 1755 650 1820; x_wconf 77' lang='lat' dir='ltr'>ostendimus</span> <span class='ocrx_word' id='word_1_24' title='bbox 671 1755 741 1830; x_wconf 90' lang='lat' dir='ltr'>tibi,</span> <span class='ocrx_word' id='word_1_25' title='bbox 766 1755 978 1833; x_wconf 83' lang='lat' dir='ltr'>dilectissime,</span> <span class='ocrx_word' id='word_1_26' title='bbox 999 1779 1094 1823; x_wconf 91' lang='lat' dir='ltr'>omne</span> <span class='ocrx_word' id='word_1_27' title='bbox 1118 1759 1160 1824; x_wconf 89' lang='lat' dir='ltr'>ab</span> <span class='ocrx_word' id='word_1_28' title='bbox 1186 1760 1235 1826; x_wconf 87' lang='lat' dir='ltr'>his</span> 
     </span>
     <span class='ocr_line' id='line_1_8' title="bbox 84 1854 1235 1941; baseline 0.007 -24"><span class='ocrx_word' id='word_1_29' title='bbox 84 1854 138 1938; x_wconf 91' lang='lat' dir='ltr'>qui</span> <span class='ocrx_word' id='word_1_30' title='bbox 164 1861 274 1919; x_wconf 88' lang='lat' dir='ltr'>sunta</span> <span class='ocrx_word' id='word_1_31' title='bbox 292 1854 466 1920; x_wconf 78' lang='lat' dir='ltr'>Valentino</span> <span class='ocrx_word' id='word_1_32' title='bbox 489 1855 681 1941; x_wconf 88' lang='lat' dir='ltr'>permultos</span> <span class='ocrx_word' id='word_1_33' title='bbox 704 1864 738 1922; x_wconf 89' lang='lat' dir='ltr'>et</span> <span class='ocrx_word' id='word_1_34' title='bbox 759 1855 935 1921; x_wconf 87' lang='lat' dir='ltr'>contrarios</span> <span class='ocrx_word' id='word_1_35' title='bbox 958 1857 1069 1922; x_wconf 92' lang='lat' dir='ltr'>modos</span> <span class='ocrx_word' id='word_1_36' title='bbox 1085 1857 1235 1925; x_wconf 89' lang='lat' dir='ltr'>adinven-</span> 
     </span>
     <span class='ocr_line' id='line_1_9' title="bbox 83 1955 1235 2045; baseline 0.005 -27"><span class='ocrx_word' id='word_1_37' title='bbox 83 1960 154 2018; x_wconf 90' lang='lat' dir='ltr'>tum</span> <span class='ocrx_word' id='word_1_38' title='bbox 176 1976 243 2018; x_wconf 88' lang='lat' dir='ltr'>esse</span> <span class='ocrx_word' id='word_1_39' title='bbox 264 1955 490 2040; x_wconf 70' lang='lat' dir='ltr'>falsiloquium</span> <span class='ocrx_word' id='word_1_40' title='bbox 513 1955 611 2020; x_wconf 90' lang='lat' dir='ltr'>etiam</span> <span class='ocrx_word' id='word_1_41' title='bbox 627 1956 802 2022; x_wconf 87' lang='lat' dir='ltr'>sententias</span> <span class='ocrx_word' id='word_1_42' title='bbox 825 1956 1026 2041; x_wconf 87' lang='lat' dir='ltr'>exposuimus</span> <span class='ocrx_word' id='word_1_43' title='bbox 1048 1979 1158 2023; x_wconf 89' lang='lat' dir='ltr'>eorum</span> <span class='ocrx_word' id='word_1_44' title='bbox 1181 1959 1235 2045; x_wconf 92' lang='lat' dir='ltr'>qui</span> 
     </span>
     <span class='ocr_line' id='line_1_10' title="bbox 84 2053 1234 2142; baseline 0.007 -26"><span class='ocrx_word' id='word_1_45' title='bbox 84 2053 207 2138; x_wconf 81' lang='lat' dir='ltr'>priores</span> <span class='ocrx_word' id='word_1_46' title='bbox 232 2055 436 2131; x_wconf 85' lang='lat' dir='ltr'>exstiterunt,</span> <span class='ocrx_word' id='word_1_47' title='bbox 464 2056 680 2141; x_wconf 86' lang='lat' dir='ltr'>discrepantes</span> <span class='ocrx_word' id='word_1_48' title='bbox 708 2078 762 2121; x_wconf 90' lang='lat' dir='ltr'>eos</span> <span class='ocrx_word' id='word_1_49' title='bbox 787 2056 991 2142; x_wconf 87' lang='lat' dir='ltr'>sibimetipsis</span> <span class='ocrx_word' id='word_1_50' title='bbox 1018 2059 1234 2136; x_wconf 87' lang='lat' dir='ltr'>ostendentes,</span> 
     </span>
     <span class='ocr_line' id='line_1_11' title="bbox 84 2153 1235 2243; baseline 0.007 -27"><span class='ocrx_word' id='word_1_51' title='bbox 84 2153 186 2218; x_wconf 90' lang='lat' dir='ltr'>multo</span> <span class='ocrx_word' id='word_1_52' title='bbox 203 2167 310 2218; x_wconf 88' lang='lat' dir='ltr'>autem</span> <span class='ocrx_word' id='word_1_53' title='bbox 328 2156 415 2240; x_wconf 88' lang='lat' dir='ltr'>prius</span> <span class='ocrx_word' id='word_1_54' title='bbox 432 2155 491 2241; x_wconf 89' lang='lat' dir='ltr'>ipsi</span> <span class='ocrx_word' id='word_1_55' title='bbox 505 2155 642 2220; x_wconf 85' lang='lat' dir='ltr'>veritati.</span> <span class='ocrx_word' id='word_1_56' title='bbox 683 2155 729 2220; x_wconf 90' lang='lat' dir='ltr'>Et</span> <span class='ocrx_word' id='word_1_57' title='bbox 748 2156 852 2220; x_wconf 90' lang='lat' dir='ltr'>Marci</span> <span class='ocrx_word' id='word_1_58' title='bbox 866 2177 990 2242; x_wconf 92' lang='lat' dir='ltr'>quoque</span> <span class='ocrx_word' id='word_1_59' title='bbox 1007 2156 1093 2243; x_wconf 87' lang='lat' dir='ltr'>magi</span> <span class='ocrx_word' id='word_1_60' title='bbox 1109 2165 1235 2224; x_wconf 89' lang='lat' dir='ltr'>seuten-</span> 
     </span>
     <span class='ocr_line' id='line_1_12' title="bbox 84 2253 1236 2344; baseline 0.005 -27"><span class='ocrx_word' id='word_1_61' title='bbox 84 2253 174 2332; x_wconf 86' lang='lat' dir='ltr'>tiam,</span> <span class='ocrx_word' id='word_1_62' title='bbox 194 2276 265 2318; x_wconf 88' lang='lat' dir='ltr'>cum</span> <span class='ocrx_word' id='word_1_63' title='bbox 282 2254 323 2319; x_wconf 90' lang='lat' dir='ltr'>sit</span> <span class='ocrx_word' id='word_1_64' title='bbox 341 2277 381 2318; x_wconf 85' lang='lat' dir='ltr'>ex</span> <span class='ocrx_word' id='word_1_65' title='bbox 398 2255 455 2328; x_wconf 88' lang='lat' dir='ltr'>his,</span> <span class='ocrx_word' id='word_1_66' title='bbox 473 2277 544 2319; x_wconf 89' lang='lat' dir='ltr'>eum</span> <span class='ocrx_word' id='word_1_67' title='bbox 561 2255 709 2340; x_wconf 89' lang='lat' dir='ltr'>operibus</span> <span class='ocrx_word' id='word_1_68' title='bbox 726 2256 793 2340; x_wconf 89' lang='lat' dir='ltr'>ejus</span> <span class='ocrx_word' id='word_1_69' title='bbox 808 2255 893 2320; x_wconf 90' lang='lat' dir='ltr'>omni</span> <span class='ocrx_word' id='word_1_70' title='bbox 909 2254 1072 2342; x_wconf 88' lang='lat' dir='ltr'>diligentia</span> <span class='ocrx_word' id='word_1_71' title='bbox 1089 2257 1236 2344; x_wconf 84' lang='lat' dir='ltr'>exposui·</span> 
     </span>
    </p>
   </div>
   <div class='ocr_carea' id='block_1_7' title="bbox 81 2353 1236 3838">
    <p class='ocr_par' dir='ltr' id='par_1_7' title="bbox 81 2353 1236 3838">
     <span class='ocr_line' id='line_1_13' title="bbox 83 2353 1234 2442; baseline 0.007 -27"><span class='ocrx_word' id='word_1_72' title='bbox 83 2375 165 2431; x_wconf 89' lang='lat' dir='ltr'>mus,</span> <span class='ocrx_word' id='word_1_73' title='bbox 190 2362 224 2418; x_wconf 91' lang='lat' dir='ltr'>et</span> <span class='ocrx_word' id='word_1_74' title='bbox 240 2361 360 2439; x_wconf 89' lang='lat' dir='ltr'>quanta</span> <span class='ocrx_word' id='word_1_75' title='bbox 385 2377 426 2418; x_wconf 85' lang='lat' dir='ltr'>ex</span> <span class='ocrx_word' id='word_1_76' title='bbox 449 2353 623 2440; x_wconf 89' lang='lat' dir='ltr'>Scripturis</span> <span class='ocrx_word' id='word_1_77' title='bbox 646 2353 799 2442; x_wconf 80' lang='lat' dir='ltr'>eligentes</span> <span class='ocrx_word' id='word_1_78' title='bbox 822 2355 978 2441; x_wconf 87' lang='lat' dir='ltr'>adaptare</span> <span class='ocrx_word' id='word_1_79' title='bbox 1001 2365 1159 2421; x_wconf 90' lang='lat' dir='ltr'>conantur</span> <span class='ocrx_word' id='word_1_80' title='bbox 1180 2357 1234 2423; x_wconf 89' lang='lat' dir='ltr'>fio-</span> 
     </span>
     <span class='ocr_line' id='line_1_14' title="bbox 83 2453 1233 2540; baseline 0.005 -25"><span class='ocrx_word' id='word_1_81' title='bbox 83 2453 166 2516; x_wconf 90' lang='lat' dir='ltr'>tioni</span> <span class='ocrx_word' id='word_1_82' title='bbox 181 2476 256 2526; x_wconf 87' lang='lat' dir='ltr'>suae,</span> <span class='ocrx_word' id='word_1_83' title='bbox 275 2455 445 2540; x_wconf 88' lang='lat' dir='ltr'>diligenter</span> <span class='ocrx_word' id='word_1_84' title='bbox 464 2455 648 2519; x_wconf 87' lang='lat' dir='ltr'>retulimus:</span> <span class='ocrx_word' id='word_1_85' title='bbox 673 2461 706 2519; x_wconf 90' lang='lat' dir='ltr'>et</span> <span class='ocrx_word' id='word_1_86' title='bbox 724 2477 862 2540; x_wconf 92' lang='lat' dir='ltr'>quonam</span> <span class='ocrx_word' id='word_1_87' title='bbox 882 2456 978 2519; x_wconf 90' lang='lat' dir='ltr'>modo</span> <span class='ocrx_word' id='word_1_88' title='bbox 998 2476 1055 2540; x_wconf 90' lang='lat' dir='ltr'>per</span> <span class='ocrx_word' id='word_1_89' title='bbox 1074 2477 1233 2536; x_wconf 88' lang='lat' dir='ltr'>numeros,</span> 
     </span>
     <span class='ocr_line' id='line_1_15' title="bbox 83 2553 1234 2640; baseline 0.003 -23"><span class='ocrx_word' id='word_1_90' title='bbox 83 2560 118 2617; x_wconf 87' lang='lat' dir='ltr'>et</span> <span class='ocrx_word' id='word_1_91' title='bbox 136 2576 194 2638; x_wconf 88' lang='lat' dir='ltr'>per</span> <span class='ocrx_word' id='word_1_92' title='bbox 217 2553 326 2640; x_wconf 87' lang='lat' dir='ltr'>viginti</span> <span class='ocrx_word' id='word_1_93' title='bbox 345 2561 483 2639; x_wconf 89' lang='lat' dir='ltr'>quatuor</span> <span class='ocrx_word' id='word_1_94' title='bbox 503 2554 660 2620; x_wconf 88' lang='lat' dir='ltr'>elementa</span> <span class='ocrx_word' id='word_1_95' title='bbox 682 2553 862 2640; x_wconf 71' lang='lat' dir='ltr'>’alphabeti</span> <span class='ocrx_word' id='word_1_96' title='bbox 886 2555 1054 2620; x_wconf 88' lang='lat' dir='ltr'>veritatem</span> <span class='ocrx_word' id='word_1_97' title='bbox 1075 2556 1234 2622; x_wconf 85' lang='lat' dir='ltr'>affirmare</span> 
     </span>
     <span class='ocr_line' id='line_1_16' title="bbox 83 2653 1234 2740; baseline 0.003 -23"><span class='ocrx_word' id='word_1_98' title='bbox 83 2660 242 2717; x_wconf 87' lang='lat' dir='ltr'>conantur</span> <span class='ocrx_word' id='word_1_99' title='bbox 266 2660 299 2718; x_wconf 88' lang='lat' dir='ltr'>et</span> <span class='ocrx_word' id='word_1_100' title='bbox 322 2655 451 2733; x_wconf 88' lang='lat' dir='ltr'>audent,</span> <span class='ocrx_word' id='word_1_101' title='bbox 471 2654 654 2719; x_wconf 84' lang='lat' dir='ltr'>minutatim</span> <span class='ocrx_word' id='word_1_102' title='bbox 674 2654 912 2740; x_wconf 80' lang='lat' dir='ltr'>³perexivimus.</span> <span class='ocrx_word' id='word_1_103' title='bbox 963 2653 1010 2719; x_wconf 89' lang='lat' dir='ltr'>Et</span> <span class='ocrx_word' id='word_1_104' title='bbox 1031 2656 1234 2740; x_wconf 90' lang='lat' dir='ltr'>quemadmo-</span> 
     </span>
     <span class='ocr_line' id='line_1_17' title="bbox 83 2752 1235 2841; baseline 0.004 -25"><span class='ocrx_word' id='word_1_105' title='bbox 83 2754 160 2817; x_wconf 90' lang='lat' dir='ltr'>dum</span> <span class='ocrx_word' id='word_1_106' title='bbox 184 2753 398 2818; x_wconf 88' lang='lat' dir='ltr'>eouditiouem</span> <span class='ocrx_word' id='word_1_107' title='bbox 419 2754 591 2818; x_wconf 90' lang='lat' dir='ltr'>secundum</span> <span class='ocrx_word' id='word_1_108' title='bbox 607 2754 776 2841; x_wconf 90' lang='lat' dir='ltr'>imaginem</span> <span class='ocrx_word' id='word_1_109' title='bbox 797 2752 960 2819; x_wconf 89' lang='lat' dir='ltr'>invisibilis</span> <span class='ocrx_word' id='word_1_110' title='bbox 982 2755 1067 2839; x_wconf 93' lang='lat' dir='ltr'>apud</span> <span class='ocrx_word' id='word_1_111' title='bbox 1090 2778 1144 2820; x_wconf 90' lang='lat' dir='ltr'>eos</span> <span class='ocrx_word' id='word_1_112' title='bbox 1162 2755 1235 2822; x_wconf 90' lang='lat' dir='ltr'>Ple-</span> 
     </span>
     <span class='ocr_line' id='line_1_18' title="bbox 82 2853 1234 2940; baseline 0.004 -24"><span class='ocrx_word' id='word_1_113' title='bbox 82 2853 217 2918; x_wconf 82' lang='lat' dir='ltr'>romatis</span> <span class='ocrx_word' id='word_1_114' title='bbox 244 2853 363 2918; x_wconf 83' lang='lat' dir='ltr'>factum</span> <span class='ocrx_word' id='word_1_115' title='bbox 390 2853 510 2930; x_wconf 90' lang='lat' dir='ltr'>dicunt,</span> <span class='ocrx_word' id='word_1_116' title='bbox 536 2861 570 2918; x_wconf 90' lang='lat' dir='ltr'>et</span> <span class='ocrx_word' id='word_1_117' title='bbox 598 2861 719 2939; x_wconf 80' lang='lat' dir='ltr'>quanta</span> <span class='ocrx_word' id='word_1_118' title='bbox 748 2854 788 2918; x_wconf 88' lang='lat' dir='ltr'>de</span> <span class='ocrx_word' id='word_1_119' title='bbox 814 2853 991 2940; x_wconf 88' lang='lat' dir='ltr'>Demiurgo</span> <span class='ocrx_word' id='word_1_120' title='bbox 1019 2855 1162 2920; x_wconf 91' lang='lat' dir='ltr'>sentiunt</span> <span class='ocrx_word' id='word_1_121' title='bbox 1196 2877 1234 2921; x_wconf 90' lang='lat' dir='ltr'>ao</span> 
     </span>
     <span class='ocr_line' id='line_1_19' title="bbox 82 2952 1235 3039; baseline 0.001 -22"><span class='ocrx_word' id='word_1_122' title='bbox 82 2954 210 3027; x_wconf 90' lang='lat' dir='ltr'>docent,</span> <span class='ocrx_word' id='word_1_123' title='bbox 236 2953 493 3028; x_wconf 87' lang='lat' dir='ltr'>renuntiavimus,</span> <span class='ocrx_word' id='word_1_124' title='bbox 520 2959 553 3018; x_wconf 93' lang='lat' dir='ltr'>et</span> <span class='ocrx_word' id='word_1_125' title='bbox 578 2953 789 3039; x_wconf 87' lang='lat' dir='ltr'>progenitoris</span> <span class='ocrx_word' id='word_1_126' title='bbox 815 2952 956 3037; x_wconf 89' lang='lat' dir='ltr'>ipsorum</span> <span class='ocrx_word' id='word_1_127' title='bbox 980 2953 1159 3018; x_wconf 79' lang='lat' dir='ltr'>doctrinam</span> <span class='ocrx_word' id='word_1_128' title='bbox 1186 2953 1235 3018; x_wconf 91' lang='lat' dir='ltr'>Si·</span> 
     </span>
     <span class='ocr_line' id='line_1_20' title="bbox 81 3051 1233 3139; baseline 0.001 -23"><span class='ocrx_word' id='word_1_129' title='bbox 81 3053 186 3117; x_wconf 92' lang='lat' dir='ltr'>monis</span> <span class='ocrx_word' id='word_1_130' title='bbox 202 3053 287 3139; x_wconf 87' lang='lat' dir='ltr'>magi</span> <span class='ocrx_word' id='word_1_131' title='bbox 310 3053 514 3128; x_wconf 81' lang='lat' dir='ltr'>Samaritani,</span> <span class='ocrx_word' id='word_1_132' title='bbox 534 3060 568 3117; x_wconf 88' lang='lat' dir='ltr'>et</span> <span class='ocrx_word' id='word_1_133' title='bbox 583 3051 723 3116; x_wconf 91' lang='lat' dir='ltr'>omnium</span> <span class='ocrx_word' id='word_1_134' title='bbox 746 3073 864 3127; x_wconf 89' lang='lat' dir='ltr'>eorum,</span> <span class='ocrx_word' id='word_1_135' title='bbox 884 3051 937 3137; x_wconf 90' lang='lat' dir='ltr'>qni</span> <span class='ocrx_word' id='word_1_136' title='bbox 954 3059 1173 3118; x_wconf 88' lang='lat' dir='ltr'>successerunt</span> <span class='ocrx_word' id='word_1_137' title='bbox 1193 3053 1233 3132; x_wconf 90' lang='lat' dir='ltr'>ei,</span> 
     </span>
     <span class='ocr_line' id='line_1_21' title="bbox 82 3150 1235 3237; baseline 0 -20"><span class='ocrx_word' id='word_1_138' title='bbox 82 3153 361 3218; x_wconf 79' lang='lat' dir='ltr'>manifestavimus.</span> <span class='ocrx_word' id='word_1_139' title='bbox 411 3152 559 3217; x_wconf 84' lang='lat' dir='ltr'>Diximus</span> <span class='ocrx_word' id='word_1_140' title='bbox 592 3173 717 3237; x_wconf 89' lang='lat' dir='ltr'>quoque</span> <span class='ocrx_word' id='word_1_141' title='bbox 756 3150 993 3216; x_wconf 89' lang='lat' dir='ltr'>multitudinem</span> <span class='ocrx_word' id='word_1_142' title='bbox 1027 3172 1147 3226; x_wconf 87' lang='lat' dir='ltr'>eorum,</span> <span class='ocrx_word' id='word_1_143' title='bbox 1180 3153 1235 3237; x_wconf 94' lang='lat' dir='ltr'>qui</span> 
     </span>
     <span class='ocr_line' id='line_1_22' title="bbox 81 3250 1235 3336; baseline 0.001 -20"><span class='ocrx_word' id='word_1_144' title='bbox 81 3260 159 3317; x_wconf 89' lang='lat' dir='ltr'>sunt</span> <span class='ocrx_word' id='word_1_145' title='bbox 184 3253 225 3316; x_wconf 92' lang='lat' dir='ltr'>ab</span> <span class='ocrx_word' id='word_1_146' title='bbox 252 3275 290 3316; x_wconf 91' lang='lat' dir='ltr'>eo</span> <span class='ocrx_word' id='word_1_147' title='bbox 311 3252 465 3327; x_wconf 87' lang='lat' dir='ltr'>Gnostici,</span> <span class='ocrx_word' id='word_1_148' title='bbox 492 3260 526 3317; x_wconf 92' lang='lat' dir='ltr'>et</span> <span class='ocrx_word' id='word_1_149' title='bbox 551 3251 746 3317; x_wconf 84' lang='lat' dir='ltr'>differentias</span> <span class='ocrx_word' id='word_1_150' title='bbox 772 3250 922 3336; x_wconf 84' lang='lat' dir='ltr'>ipsorum,</span> <span class='ocrx_word' id='word_1_151' title='bbox 943 3257 977 3316; x_wconf 90' lang='lat' dir='ltr'>et</span> <span class='ocrx_word' id='word_1_152' title='bbox 1002 3250 1174 3327; x_wconf 90' lang='lat' dir='ltr'>doctrinas,</span> <span class='ocrx_word' id='word_1_153' title='bbox 1200 3259 1235 3317; x_wconf 92' lang='lat' dir='ltr'>et</span> 
     </span>
     <span class='ocr_line' id='line_1_23' title="bbox 81 3349 1235 3437; baseline 0.001 -20"><span class='ocrx_word' id='word_1_154' title='bbox 81 3351 294 3417; x_wconf 87' lang='lat' dir='ltr'>successiones</span> <span class='ocrx_word' id='word_1_155' title='bbox 311 3352 541 3427; x_wconf 87' lang='lat' dir='ltr'>annotavimus,</span> <span class='ocrx_word' id='word_1_156' title='bbox 556 3373 689 3437; x_wconf 87' lang='lat' dir='ltr'>quaeque</span> <span class='ocrx_word' id='word_1_157' title='bbox 706 3353 748 3416; x_wconf 92' lang='lat' dir='ltr'>ab</span> <span class='ocrx_word' id='word_1_158' title='bbox 764 3351 808 3416; x_wconf 88' lang='lat' dir='ltr'>eis</span> <span class='ocrx_word' id='word_1_159' title='bbox 823 3350 959 3416; x_wconf 87' lang='lat' dir='ltr'>haereses</span> <span class='ocrx_word' id='word_1_160' title='bbox 980 3349 1138 3415; x_wconf 70' lang='lat' dir='ltr'>institutas</span> <span class='ocrx_word' id='word_1_161' title='bbox 1159 3359 1235 3418; x_wconf 90' lang='lat' dir='ltr'>suut</span> 
     </span>
     <span class='ocr_line' id='line_1_24' title="bbox 82 3449 1235 3538; baseline 0.001 -22"><span class='ocrx_word' id='word_1_162' title='bbox 82 3474 193 3517; x_wconf 91' lang='lat' dir='ltr'>omnes</span> <span class='ocrx_word' id='word_1_163' title='bbox 221 3453 431 3538; x_wconf 83' lang='lat' dir='ltr'>exposuimus.</span> <span class='ocrx_word' id='word_1_164' title='bbox 483 3451 530 3517; x_wconf 85' lang='lat' dir='ltr'>Et</span> <span class='ocrx_word' id='word_1_165' title='bbox 559 3450 708 3537; x_wconf 91' lang='lat' dir='ltr'>quoniam</span> <span class='ocrx_word' id='word_1_166' title='bbox 739 3473 848 3516; x_wconf 90' lang='lat' dir='ltr'>omnes</span> <span class='ocrx_word' id='word_1_167' title='bbox 882 3472 902 3515; x_wconf 88' lang='lat' dir='ltr'>a</span> <span class='ocrx_word' id='word_1_168' title='bbox 936 3449 1065 3515; x_wconf 89' lang='lat' dir='ltr'>Simone</span> <span class='ocrx_word' id='word_1_169' title='bbox 1091 3451 1235 3517; x_wconf 85' lang='lat' dir='ltr'>haeretioi</span> 
     </span>
     <span class='ocr_line' id='line_1_25' title="bbox 82 3551 1235 3638; baseline 0.001 -23"><span class='ocrx_word' id='word_1_170' title='bbox 82 3552 176 3617; x_wconf 90' lang='lat' dir='ltr'>initia</span> <span class='ocrx_word' id='word_1_171' title='bbox 205 3562 375 3627; x_wconf 89' lang='lat' dir='ltr'>sumentes,</span> <span class='ocrx_word' id='word_1_172' title='bbox 410 3552 508 3638; x_wconf 89' lang='lat' dir='ltr'>impia</span> <span class='ocrx_word' id='word_1_173' title='bbox 537 3561 570 3617; x_wconf 92' lang='lat' dir='ltr'>et</span> <span class='ocrx_word' id='word_1_174' title='bbox 602 3551 777 3638; x_wconf 86' lang='lat' dir='ltr'>irreligiosa</span> <span class='ocrx_word' id='word_1_175' title='bbox 801 3552 955 3638; x_wconf 90' lang='lat' dir='ltr'>dogmata</span> <span class='ocrx_word' id='word_1_176' title='bbox 981 3551 1175 3616; x_wconf 86' lang='lat' dir='ltr'>induxerunt</span> <span class='ocrx_word' id='word_1_177' title='bbox 1201 3551 1235 3616; x_wconf 92' lang='lat' dir='ltr'>in</span> 
     </span>
     <span class='ocr_line' id='line_1_26' title="bbox 82 3651 1235 3736; baseline 0.001 -21"><span class='ocrx_word' id='word_1_178' title='bbox 82 3653 167 3715; x_wconf 84' lang='lat' dir='ltr'>hanc</span> <span class='ocrx_word' id='word_1_179' title='bbox 184 3651 293 3727; x_wconf 88' lang='lat' dir='ltr'>vitam,</span> <span class='ocrx_word' id='word_1_180' title='bbox 311 3652 528 3725; x_wconf 70' lang='lat' dir='ltr'>ostendimus,</span> <span class='ocrx_word' id='word_1_181' title='bbox 554 3659 587 3716; x_wconf 92' lang='lat' dir='ltr'>et</span> <span class='ocrx_word' id='word_1_182' title='bbox 607 3651 837 3716; x_wconf 86' lang='lat' dir='ltr'>redemtionem</span> <span class='ocrx_word' id='word_1_183' title='bbox 852 3652 1002 3736; x_wconf 91' lang='lat' dir='ltr'>ipsorum,</span> <span class='ocrx_word' id='word_1_184' title='bbox 1020 3659 1055 3715; x_wconf 89' lang='lat' dir='ltr'>et</span> <span class='ocrx_word' id='word_1_185' title='bbox 1076 3651 1235 3735; x_wconf 90' lang='lat' dir='ltr'>quomodo</span> 
     </span>
     <span class='ocr_line' id='line_1_27' title="bbox 82 3750 1236 3838; baseline 0.001 -23"><span class='ocrx_word' id='word_1_186' title='bbox 82 3751 213 3816; x_wconf 88' lang='lat' dir='ltr'>initiant</span> <span class='ocrx_word' id='word_1_187' title='bbox 230 3773 285 3816; x_wconf 88' lang='lat' dir='ltr'>eos</span> <span class='ocrx_word' id='word_1_188' title='bbox 307 3753 360 3838; x_wconf 93' lang='lat' dir='ltr'>qui</span> <span class='ocrx_word' id='word_1_189' title='bbox 377 3752 592 3838; x_wconf 85' lang='lat' dir='ltr'>perficiuntur,</span> <span class='ocrx_word' id='word_1_190' title='bbox 616 3758 651 3816; x_wconf 90' lang='lat' dir='ltr'>et</span> <span class='ocrx_word' id='word_1_191' title='bbox 671 3750 864 3815; x_wconf 84' lang='lat' dir='ltr'>‘adlationes</span> <span class='ocrx_word' id='word_1_192' title='bbox 886 3771 1005 3824; x_wconf 92' lang='lat' dir='ltr'>eorum,</span> <span class='ocrx_word' id='word_1_193' title='bbox 1030 3757 1064 3815; x_wconf 92' lang='lat' dir='ltr'>et</span> <span class='ocrx_word' id='word_1_194' title='bbox 1084 3751 1236 3838; x_wconf 83' lang='lat' dir='ltr'>mysteria</span> 
     </span>
    </p>
   </div>
   <div class='ocr_carea' id='block_1_8' title="bbox 81 3935 1238 4577">
    <p class='ocr_par' dir='ltr' id='par_1_8' title="bbox 81 3935 1238 4577">
     <span class='ocr_line' id='line_1_28' title="bbox 132 3935 1237 4000; baseline -0.001 -13"><span class='ocrx_word' id='word_1_195' title='bbox 132 3939 141 3970; x_wconf 88' lang='lat'>¹</span> <span class='ocrx_word' id='word_1_196' title='bbox 160 3940 316 3995; x_wconf 64' lang='lat' dir='ltr'>vectorum</span> <span class='ocrx_word' id='word_1_197' title='bbox 326 3940 421 4000; x_wconf 76' lang='grc' dir='ltr'>γνῶσιν.</span> <span class='ocrx_word' id='word_1_198' title='bbox 450 3937 503 3985; x_wconf 84' lang='lat' dir='ltr'>The</span> <span class='ocrx_word' id='word_1_199' title='bbox 513 3935 638 4000; x_wconf 84' lang='lat' dir='ltr'>Apostlc’s</span> <span class='ocrx_word' id='word_1_200' title='bbox 686 3935 801 3985; x_wconf 70' lang='lat' dir='ltr'>GBABE&#39;S</span> <span class='ocrx_word' id='word_1_201' title='bbox 816 3935 938 3998; x_wconf 73' lang='lat' dir='ltr'>sactiones</span> <span class='ocrx_word' id='word_1_202' title='bbox 960 3936 1021 3984; x_wconf 81' lang='lat' dir='ltr'>with</span> <span class='ocrx_word' id='word_1_203' title='bbox 1042 3936 1092 3985; x_wconf 90' lang='lat' dir='ltr'>this</span> <span class='ocrx_word' id='word_1_204' title='bbox 1114 3936 1182 3985; x_wconf 84' lang='lat' dir='ltr'>word</span> <span class='ocrx_word' id='word_1_205' title='bbox 1204 3953 1237 3986; x_wconf 85' lang='lat' dir='ltr'>on</span> 
     </span>
     <span class='ocr_line' id='line_1_29' title="bbox 81 4017 1235 4082; baseline -0.003 -13"><span class='ocrx_word' id='word_1_206' title='bbox 81 4028 155 4081; x_wconf 86' lang='lat' dir='ltr'>term,</span> <span class='ocrx_word' id='word_1_207' title='bbox 171 4021 255 4069; x_wconf 73' lang='lat' dir='ltr'>vlim.</span> <span class='ocrx_word' id='word_1_208' title='bbox 268 4021 301 4069; x_wconf 85' lang='lat' dir='ltr'>vi.</span> <span class='ocrx_word' id='word_1_209' title='bbox 315 4035 354 4069; x_wconf 76' lang='lat' dir='ltr'>ao.</span> <span class='ocrx_word' id='word_1_210' title='bbox 684 4017 728 4065; x_wconf 87' lang='lat' dir='ltr'>the</span> <span class='ocrx_word' id='word_1_211' title='bbox 749 4017 876 4082; x_wconf 78' lang='lat' dir='ltr'>authority</span> <span class='ocrx_word' id='word_1_212' title='bbox 897 4018 926 4066; x_wconf 84' lang='lat' dir='ltr'>ol</span> <span class='ocrx_word' id='word_1_213' title='bbox 942 4017 985 4066; x_wconf 89' lang='lat' dir='ltr'>the</span> <span class='ocrx_word' id='word_1_214' title='bbox 1007 4017 1151 4066; x_wconf 68' lang='lat' dir='ltr'>Cusanum</span> <span class='ocrx_word' id='word_1_215' title='bbox 1168 4017 1235 4079; x_wconf 76' lang='lat' dir='ltr'>MS,</span> 
     </span>
     <span class='ocr_line' id='line_1_30' title="bbox 132 4099 1235 4165; baseline -0.001 -16"><span class='ocrx_word' id='word_1_216' title='bbox 132 4101 269 4151; x_wconf 72' lang='lat' dir='ltr'>’Written</span> <span class='ocrx_word' id='word_1_217' title='bbox 292 4101 401 4165; x_wconf 85' lang='lat' dir='ltr'>possibly</span> <span class='ocrx_word' id='word_1_218' title='bbox 418 4101 443 4148; x_wconf 80' lang='lat' dir='ltr'>A</span> <span class='ocrx_word' id='word_1_219' title='bbox 461 4100 484 4148; x_wconf 92' lang='lat' dir='ltr'><strong>B</strong></span> <span class='ocrx_word' id='word_1_220' title='bbox 501 4115 529 4148; x_wconf 84' lang='lat' dir='ltr'>as</span> <span class='ocrx_word' id='word_1_221' title='bbox 548 4099 573 4147; x_wconf 92' lang='lat' dir='ltr'>in</span> <span class='ocrx_word' id='word_1_222' title='bbox 591 4099 635 4147; x_wconf 87' lang='lat' dir='ltr'>the</span> <span class='ocrx_word' id='word_1_223' title='bbox 684 4099 727 4147; x_wconf 88' lang='lat' dir='ltr'>the</span> <span class='ocrx_word' id='word_1_224' title='bbox 754 4099 834 4149; x_wconf 84' lang='lat' dir='ltr'>Voss.</span> <span class='ocrx_word' id='word_1_225' title='bbox 868 4115 932 4164; x_wconf 77' lang='lat' dir='ltr'>copy</span> <span class='ocrx_word' id='word_1_226' title='bbox 968 4100 1064 4163; x_wconf 88' lang='lat' dir='ltr'>having</span> <span class='ocrx_word' id='word_1_227' title='bbox 1095 4099 1235 4161; x_wconf 73' lang='lat' dir='ltr'>offodicua.</span> 
     </span>
     <span class='ocr_line' id='line_1_31' title="bbox 81 4180 1238 4251; baseline -0.006 -16"><span class='ocrx_word' id='word_1_228' title='bbox 81 4187 217 4251; x_wconf 85' lang='lat' dir='ltr'>preceding</span> <span class='ocrx_word' id='word_1_229' title='bbox 226 4186 299 4244; x_wconf 77' lang='lat' dir='ltr'>bools,</span> <span class='ocrx_word' id='word_1_230' title='bbox 313 4181 515 4248; x_wconf 79' lang='lat' dir='ltr'>p.147,16a,177.</span> <span class='ocrx_word' id='word_1_231' title='bbox 547 4182 634 4232; x_wconf 86' lang='lat' dir='ltr'>Hence</span> <span class='ocrx_word' id='word_1_232' title='bbox 684 4181 934 4246; x_wconf 77' lang='lat' dir='ltr'>Allusionisclearly</span> <span class='ocrx_word' id='word_1_233' title='bbox 944 4181 1016 4230; x_wconf 89' lang='lat' dir='ltr'>made</span> <span class='ocrx_word' id='word_1_234' title='bbox 1029 4187 1055 4229; x_wconf 85' lang='lat' dir='ltr'>tc</span> <span class='ocrx_word' id='word_1_235' title='bbox 1068 4180 1238 4244; x_wconf 77' lang='lat' dir='ltr'>thamystical</span> 
     </span>
     <span class='ocr_line' id='line_1_32' title="bbox 82 4263 1235 4328; baseline -0.005 -12"><span class='ocrx_word' id='word_1_236' title='bbox 82 4270 125 4318; x_wconf 89' lang='lat' dir='ltr'>the</span> <span class='ocrx_word' id='word_1_237' title='bbox 138 4269 248 4327; x_wconf 72' lang='lat' dir='ltr'>Curam,</span> <span class='ocrx_word' id='word_1_238' title='bbox 260 4267 339 4316; x_wconf 83' lang='lat' dir='ltr'>Voss.</span> <span class='ocrx_word' id='word_1_239' title='bbox 353 4266 403 4314; x_wconf 87' lang='lat' dir='ltr'>and</span> <span class='ocrx_word' id='word_1_240' title='bbox 415 4265 502 4314; x_wconf 71' lang='lat' dir='ltr'>Mane.</span> <span class='ocrx_word' id='word_1_241' title='bbox 516 4265 632 4316; x_wconf 82' lang='lat' dir='ltr'>11.MSS.</span> <span class='ocrx_word' id='word_1_242' title='bbox 683 4265 763 4314; x_wconf 83' lang='lat' dir='ltr'>words</span> <span class='ocrx_word' id='word_1_243' title='bbox 780 4265 841 4313; x_wconf 90' lang='lat' dir='ltr'>used</span> <span class='ocrx_word' id='word_1_244' title='bbox 859 4265 893 4328; x_wconf 93' lang='lat' dir='ltr'>by</span> <span class='ocrx_word' id='word_1_245' title='bbox 910 4266 952 4312; x_wconf 88' lang='lat' dir='ltr'>the</span> <span class='ocrx_word' id='word_1_246' title='bbox 969 4263 1131 4322; x_wconf 85' lang='lat' dir='ltr'>Marcosians,</span> <span class='ocrx_word' id='word_1_247' title='bbox 1153 4278 1194 4311; x_wconf 85' lang='lat' dir='ltr'>see</span> <span class='ocrx_word' id='word_1_248' title='bbox 1216 4274 1235 4311; x_wconf 89' lang='lat'>1.</span> 
     </span>
     <span class='ocr_line' id='line_1_33' title="bbox 82 4345 1238 4412; baseline -0.007 -12"><span class='ocrx_word' id='word_1_249' title='bbox 82 4352 146 4400; x_wconf 82' lang='lat' dir='ltr'>have</span> <span class='ocrx_word' id='word_1_250' title='bbox 158 4351 243 4412; x_wconf 78' lang='lat' dir='ltr'>Alphe</span> <span class='ocrx_word' id='word_1_251' title='bbox 253 4359 273 4398; x_wconf 80' lang='lat' dir='ltr'>et</span> <span class='ocrx_word' id='word_1_252' title='bbox 285 4351 353 4399; x_wconf 75' lang='lat' dir='ltr'>Bata.</span> <span class='ocrx_word' id='word_1_253' title='bbox 683 4348 734 4396; x_wconf 88' lang='lat' dir='ltr'>xiv.</span> <span class='ocrx_word' id='word_1_254' title='bbox 755 4345 768 4404; x_wconf 73' lang='grc'><strong>5</strong></span> <span class='ocrx_word' id='word_1_255' title='bbox 781 4361 803 4405; x_wconf 80' lang='lat' dir='ltr'>a,</span> <span class='ocrx_word' id='word_1_256' title='bbox 818 4363 841 4406; x_wconf 79' lang='lat'>4.</span> <span class='ocrx_word' id='word_1_257' title='bbox 879 4346 932 4394; x_wconf 86' lang='lat' dir='ltr'>Tho</span> <span class='ocrx_word' id='word_1_258' title='bbox 943 4346 1034 4393; x_wconf 85' lang='lat' dir='ltr'>author</span> <span class='ocrx_word' id='word_1_259' title='bbox 1043 4345 1149 4409; x_wconf 87' lang='lat' dir='ltr'>perhaps</span> <span class='ocrx_word' id='word_1_260' title='bbox 1161 4349 1238 4393; x_wconf 85' lang='lat' dir='ltr'>wrote</span> 
     </span>
     <span class='ocr_line' id='line_1_34' title="bbox 132 4425 1237 4494; baseline -0.004 -15"><span class='ocrx_word' id='word_1_261' title='bbox 132 4431 324 4494; x_wconf 76' lang='lat' dir='ltr'>³pereaeivimus.</span> <span class='ocrx_word' id='word_1_262' title='bbox 359 4430 616 4491; x_wconf 63' lang='grc' dir='ltr'>(ἷῐωοέδιεξὴλθομιν.</span> <span class='ocrx_word' id='word_1_263' title='bbox 685 4431 831 4493; x_wconf 71' lang='grc' dir='ltr'>προρῤήσεις,</span> <span class='ocrx_word' id='word_1_264' title='bbox 844 4429 925 4478; x_wconf 86' lang='lat' dir='ltr'>which</span> <span class='ocrx_word' id='word_1_265' title='bbox 936 4430 979 4478; x_wconf 86' lang='lat' dir='ltr'>the</span> <span class='ocrx_word' id='word_1_266' title='bbox 990 4427 1126 4476; x_wconf 78' lang='lat' dir='ltr'>translator</span> <span class='ocrx_word' id='word_1_267' title='bbox 1140 4425 1237 4475; x_wconf 83' lang='lat' dir='ltr'>readas</span> 
     </span>
     <span class='ocr_line' id='line_1_35' title="bbox 132 4512 833 4577; baseline -0.006 -14"><span class='ocrx_word' id='word_1_268' title='bbox 132 4514 143 4545; x_wconf 89' lang='lat'><strong>⁴</strong></span> <span class='ocrx_word' id='word_1_269' title='bbox 171 4513 315 4576; x_wconf 60' lang='lat' dir='ltr'>adjiciente.</span> <span class='ocrx_word' id='word_1_270' title='bbox 365 4512 495 4562; x_wconf 71' lang='lat' dir='ltr'>Massunr</span> <span class='ocrx_word' id='word_1_271' title='bbox 527 4512 634 4577; x_wconf 85' lang='lat' dir='ltr'>replaees</span> <span class='ocrx_word' id='word_1_272' title='bbox 685 4512 833 4574; x_wconf 75' lang='grc' dir='ltr'><strong><em>προσρήσεις.</em></strong></span> 
     </span>
    </p>
   </div>
   <div class='ocr_carea' id='block_1_9' title="bbox 0 0 1482 4986">
    <p class='ocr_par' dir='ltr' id='par_1_9' title="bbox 0 0 1482 4986">
     <span class='ocr_line' id='line_1_36' title="bbox 0 0 1482 4986; baseline 0 0"><span class='ocrx_word' id='word_1_273' title='bbox 0 0 1482 4986; x_wconf 95' lang='lat' dir='ltr'> </span> 
     </span>
    </p>
   </div>
  </div>
 </body>
</html>
