2954 4986
256 326 320 394 176
711 340 944 393 nasmuonm

104 511 231 598 gabli-gf}
257 500 327 571 Οὔκ
357 501 450 571 ἔστιν
478 500 510 569 ἐν
539 530 648 575 αυτοις
673 501 821 580 αληθεια,
852 497 924 568 οὐδὲ
955 498 1134 589 ἐπίγνωσις
1162 500 1261 584 θεοῦ,
1297 504 1340 578 είς
1371 501 1412 572 τό

93 604 243 687 ωλιὼ·
258 611 339 683 αὖτό
351 613 522 683 συντείνειν
532 610 720 712 βιάζονται.
760 609 839 693 Καὶ,
855 610 925 681 Ουίι
945 613 1037 682 ἔστιν
1055 615 1074 683 ὁ
1090 613 1216 696 συνιὼν,
1236 610 1255 696 ἢ
1273 612 1412 714 ἐκζῆτων

95 726 242 736 —
258 723 319 797 τόν
345 725 441 794 θεόν·
471 724 592 799 πόντες
619 721 792 817 ἐξέκλιναν,
820 719 888 804 ἅμα
915 721 1151 820 ἡχρειαίθησαυ,
1182 725 1239 795 ἐπὶ
1269 733 1329 808 τῆς
1354 732 1414 797 τοῦ

258 836 371 906 Βυθοῦ
386 837 550 926 ἀγνωσίας
568 835 747 907 τόττουσι.
777 833 847 904 Καὶ
861 834 904 905 τό
923 834 975 905 διὰ
995 836 1164 914 Μωϋσὲως
1183 835 1218 906 δὲ
1237 839 1411 936 εἰρημένον·
1423 868 1473 907 aa

258 946 373 1025 Οόόείς
408 949 427 1018 ὅ
465 980 537 1021 εται
575 946 636 1019 τόν
672 943 766 1026 Θεὸν,
804 947 856 1016 καὶ
900 945 1046 1047 ζήσεται,
1084 951 1127 1025 είς
1167 950 1289 1020 ἐκεῖνον
1327 953 1412 1046 ἔχειν

259 1062 409 1131 πείθουσι
428 1061 489 1143 την
508 1060 693 1159 ἆναφοροίν.
732 1055 804 1125 Τόν
826 1056 885 1142 μὲν
905 1058 974 1157 γὰρ
992 1060 1131 1143 ποιητῆυ
1148 1061 1409 1157 ε’πιψευδόμενοι

258 1171 323 1244 ὑπὸ
351 1178 417 1244 τῶν
436 1177 622 1272 προφητῶν
639 1172 803 1269 ἑωρᾶσθαι
827 1173 978 1263 λε’γουσι·
1014 1174 1057 1243 τό
1081 1171 1125 1257 δὲ,
1156 1172 1261 1250 οὐδεὶς
1285 1173 1471 1268 ὄψεταιιιι

258 1285 321 1358 τόν
359 1284 453 1369 Θεὸν,
488 1285 541 1355 καί
578 1282 725 1384 ζήσεται,
763 1283 839 1381 περὶ
880 1290 944 1356 τοῦ
982 1281 1130 1384 ἆορότου
1167 1287 1332 1377 μεγέθους
1360 1288 1411 1357 καί

260 1398 438 1490 ἆγυῶστου
461 1408 532 1474 τοῖς
560 1400 672 1479 πᾶσιν,
703 1395 852 1491 είρῆσθαι
879 1398 1024 1467 θέλουσι.
1067 1396 1138 1467 Kal
1165 1399 1219 1469 ὅτι
1250 1396 1311 1481 μὲν
1338 1400 1412 1498 περὶ

259 1516 322 1581 τοῦ
356 1507 503 1608 ἆορότου
539 1507 668 1608 πατρὸς
703 1504 757 1576 καὶ
792 1515 934 1591 ποιητοῦ
968 1514 1033 1580 τῶν
1069 1510 1156 1580 ὅλων
1194 1511 1323 1608 ε’ίρηται
1363 1511 1413 1595 τό,

261 1621 361 1698 orideic
393 1623 521 1718 ὄψεται
557 1621 618 1693 τὸν
648 1619 743 1700 θεόν,
781 1625 885 1691 πᾶσιν
919 1627 992 1704 ημῖν
1027 1623 1173 1721 φανερόν
1207 1624 1315 1694 ε’στιυ·
1360 1626 1411 1695 ότι

262 1733 297 1805 δὲ
317 1732 388 1805 οὐδὲ
410 1735 485 1833 περὶ
505 1741 569 1805 τοῦ
589 1734 643 1803 ε’πὶ
665 1730 706 1839 [l.
728 1729 812 1838 ὑπὸ]
830 1735 957 1805 τούτων
974 1735 1277 1832 παρετινοουμόνου
1293 1736 1414 1819 Βυθοῦ,

261 1845 353 1917 ἆλλίι
380 1848 454 1945 περὶ
478 1853 541 1918 τοῦ
566 1849 788 1944 Δημιουργοῦ,
807 1847 860 1917 καί
885 1847 981 1923 οὗτός
1001 1847 1094 1917 ἔστιν
1114 1848 1133 1916 ὁ
1153 1847 1302 1945 ιἰόρατος
1322 1848 1411 1931 θεὸς,

262 1957 473 2055 δειχθήσεται
503 1965 566 2031 τοῦ
595 1961 704 2051 λόγου
729 1961 917 2060 προϊόντος.
958 1958 1029 2028 Καὶ
1058 1956 1120 2029 τὸν
1150 1960 1280 2041 Δανιὴλ
1309 1959 1346 2030 δὲ
1374 1959 1413 2032 τό

262 2070 344 2141 αὐτὸ
380 2078 486 2144 τοῦτο
521 2073 695 2155 σημαίνειν,
727 2075 760 2143 ἐν
793 2075 842 2162 τῷ
871 2073 1039 2171 ἐπερωτᾷν
1070 2069 1131 2141 τὸν
1167 2068 1323 2162 ἄγγελον
1355 2071 1413 2149 τὰς

263 2185 427 2261 ε’πιλόσεις
461 2189 527 2255 τῶν
560 2187 777 2283 παραβολῶν,
806 2189 846 2260 ὡς
881 2185 926 2267 μὴ
955 2182 1077 2255 εἰδότα.
1125 2181 1240 2254 Ἀλλὰ
1270 2184 1325 2254 καί
1356 2184 1413 2256 τόν

263 2295 417 2386 ἄγγελον
446 2297 742 2395 ἀποκρυπτόμενον
768 2298 823 2367 ἆτ’
843 2297 945 2367 αὑτοῦ
967 2294 1010 2365 τό
1037 2294 1127 2385 με’γα
1151 2301 1338 2396 μυστήριον
1354 2303 1413 2369 τοῦ

263 2409 383 2490 Βυθοῦ,
405 2411 506 2478 εἰπεῖν
530 2410 627 2496 αὐτῷ·
654 2408 853 2507 Ἀπότρεχε
872 2411 1010 2490 Δανιῆλ·
1041 2406 1133 2478 οὗτοι
1157 2406 1227 2507 γὰρ
1253 2413 1288 2480 oi
1313 2412 1411 2501 λόγοι

262 2523 537 2618 ἐμπεφραγμένοι
565 2521 655 2603 εἰσίν,
674 2523 748 2600 Ιἕως
776 2525 809 2592 οἱ
829 2522 987 2597 συνιόντες
1010 2525 1152 2603 συνιῶσι,
1172 2521 1226 2592 καὶ
1252 2525 1287 2592 οἱ
1307 2523 1412 2593 λευκοί

99 2760 214 2800 ΜΛ·
264 2748 346 2813 Osee
364 2748 448 2832 quod
467 2748 588 2812 dictum
605 2756 674 2814 est:
700 2751 776 2814 Non
792 2760 834 2816 cst
848 2751 883 2816 in
899 2751 942 2817 eis
958 2751 1079 2826 writes,
1097 2772 1191 2838 neque
1204 2753 1326 2837 equitio
1343 2753 1411 2827 Dei,

100 2858 162 2943 γρηὶ
171 2856 251 2942 {1222
263 2848 297 2912 in
314 2847 375 2912 hoc
392 2846 476 2911 idem
492 2849 624 2912 tendere
648 2863 814 2913 conantur.
867 2850 922 2923 Et,
947 2848 1022 2915 Non
1041 2861 1083 2915 est
1103 2850 1276 2937 intelliycas
1295 2863 1350 2918 cat
1369 2874 1412 2916 re·

99 2931 130 2989 δ’
265 2948 387 3036 quirem
405 2949 529 3012 Deum:
558 2948 666 3014 Omnes
682 2949 919 3028 declinaverunt,
936 2951 1031 3014 simol
1046 2951 1167 3015 inutiles
1181 2952 1273 3036 sacti
1287 2952 1413 3027 suntin

268 3048 367 3135 Bythi
392 3047 573 3136 ignorantia
593 3057 767 3135 apponunt.
815 3049 861 3114 Et.
886 3072 944 3134 per
970 3049 1104 3135 Moysen
1134 3059 1243 3115 autem
1275 3053 1412 3125 dictum;

100 3160 247 3200 Meum
266 3150 366 3214 Nemo
382 3149 495 3213 videbit
512 3151 621 3226 Deam,
633 3158 661 3214 et
677 3150 773 3221 sinac
791 3148 823 3212 in
838 3149 926 3212 illum
942 3150 1059 3214 habere
1070 3149 1206 3214 suadent
1218 3151 1415 3217 relationem.

267 3249 311 3312 Et
328 3249 553 3312 fabricatorem
570 3249 697 3333 quidem
715 3272 735 3313 a
750 3248 912 3334 prophetis
929 3249 1030 3313 visum
1052 3247 1180 3316 dicunt:
1208 3250 1287 3314 illud
1309 3260 1415 3316 autem

267 3347 351 3431 quod
378 3346 530 3429 scriptum
554 3356 613 3419 est,
638 3348 735 3412 Nemo
758 3349 870 3412 uidebit
894 3349 996 3413 Deum
1025 3358 1054 3412 et
1082 3349 1170 3422 oinct,
1201 3349 1243 3412 de
1269 3349 1415 3414 invisibili

265 3443 484 3529 magnitudine
501 3452 534 3508 et
552 3445 713 3531 incognita
735 3447 880 3512 omnibus
900 3448 1021 3513 dictum
1037 3447 1157 3512 volunt.
1200 3448 1249 3513 Et
1267 3449 1416 3534 quoniam

265 3543 394 3627 quidem
420 3543 460 3605 de
485 3541 630 3607 invisibili
655 3544 755 3610 Patre
781 3547 902 3610 factore
925 3546 1065 3611 omnium
1088 3546 1210 3612 dictum
1234 3556 1293 3628 est,
1316 3549 1416 3612 Nemo

264 3642 379 3706 videbit
404 3643 514 3713 Deum,
537 3643 682 3708 omnibus
704 3645 795 3710 nobis
813 3645 1017 3710 manifestum
1041 3654 1110 3711 est:
1136 3647 1286 3732 quoniam
1307 3658 1416 3711 autem

265 3761 330 3805 non
348 3740 388 3805 de
405 3740 464 3806 hoo
482 3741 534 3826 qui
553 3743 593 3807 ab
611 3742 648 3807 iis
664 3744 852 3810 adinventus
869 3754 918 3809 est
937 3744 1072 3830 Bytbus,
1091 3746 1148 3810 sed
1165 3746 1206 3810 de
1230 3745 1416 3832 Demiurgo,

266 3846 301 3904 et
318 3839 385 3924 ipse
400 3849 449 3905 est
467 3841 629 3907 invisibilis
648 3843 746 3917 Deus,
762 3843 942 3908 ostenditur
958 3846 1152 3929 procedente
1168 3867 1326 3911 sennoue.
1373 3846 1416 3910 Et

268 3938 435 4004 Danielem
469 3950 577 4004 autem
611 3943 670 4006 boc
702 3943 786 4008 idem
819 3943 1005 4028 significare,
1037 3944 1068 4008 iu
1101 3966 1139 4008 eo
1167 3946 1253 4030 quod
1285 3947 1413 4011 interro·

266 4046 325 4125 gat
350 4039 496 4125 angelum
527 4040 740 4107 absolutiones
769 4043 1001 4128 parabolarum,
1035 4045 1123 4129 quasi
1157 4067 1223 4109 nou
1257 4046 1413 4111 scientem.

269 4138 333 4205 Sed
350 4147 384 4204 et
402 4138 549 4225 angelum
566 4141 812 4206 abscondentem
831 4143 872 4207 ab
890 4165 928 4206 en
945 4165 1095 4230 magnum
1106 4145 1297 4229 mysterium
1312 4143 1416 4231 flaui,

104 4259 255 4311 omnmo
268 4239 374 4304 dicere
400 4239 447 4304 ei:
488 4239 624 4304 Recurre
648 4241 786 4306 Daniel:
826 4242 862 4307 Ιιιο
885 4243 966 4307 enim
995 4265 1140 4309 sermones
1168 4243 1315 4311 oberans·
1342 4251 1417 4317 mat,

315 4442 420 4492 νει...
447 4440 529 4491 worm
554 4456 596 4490 are
622 4447 668 4490 nos
691 4442 770 4492 found
791 4443 817 4492 in
870 4443 979 4492 neena
1000 4444 1045 4493 nu
1062 4415 1158 4519 stabnt
1185 4445 1297 4523 ιηηῃξ.
1323 4446 1353 4496 α.
1374 4445 1417 4505 υ..

269 4536 319 4585 any
340 4524 423 4573 Greek
440 4523 536 4572 version
554 4523 583 4571 of
598 4522 731 4587 Scriptura.
766 4523 819 4572 Τλο
867 4524 933 4573 adoll
947 4525 973 4573 be
981 4524 1090 4586 purified
1102 4526 1155 4574 ond
1169 4527 1242 4576 mode
1257 4528 1336 4578 utu«.
1371 4527 1421 4576 Fur
