2954 4986
238 330 305 394 312
621 347 751 409 ancon
777 346 913 400 causac
938 348 1005 400 aas

102 513 194 598 2¹3&
238 505 280 569 ab
294 527 332 571 eo
347 506 529 583 factasunt,
545 507 657 584 Iacere,
673 507 886 573 inincusabilis
904 516 981 585 erat,
997 506 1067 591 ¹qui
1087 528 1151 571 non
1173 513 1298 592 poterat
1310 505 1388 592 igno

75 605 224 691 Ἣξςὲἷξῖ·
240 606 374 671 rentiam
388 607 509 671 auterre
523 628 630 671 eorum
645 608 697 691 qui
712 616 783 693 post
804 631 838 674 se
858 618 939 672 sunt.
986 607 1020 671 Si
1039 617 1148 671 autem
1170 615 1282 691 postea
1294 605 1449 669 nolensem

105 698 155 735 aru.
165 700 194 736 lo.

80 773 226 785 —--

240 725 310 768 eam
331 726 401 787 quae
415 705 586 769 secundum
602 706 850 790 progressionem
868 706 1069 770 emissionum
1084 714 1181 769 aucta
1195 704 1299 769 fuerat
1312 703 1391 789 igno·

238 807 384 884 rentiam,
408 815 441 871 et
464 807 683 871 inseminatam
710 809 877 885 AEonibus,
899 810 1019 873 auferre
1037 807 1152 892 potuit,
1174 807 1275 870 multo
1299 804 1392 890 magb

239 909 325 995 prius
341 929 412 974 eam
432 931 502 993 quae
523 909 661 973 nondum
683 917 761 988 erat,
777 909 985 996 ignorantiam
998 910 1105 974 volens
1120 932 1183 974 non
1205 907 1392 994 permitteret

238 1010 316 1075 fieri.

305 1118 334 1177 5.
381 1114 537 1195 Quoniam
560 1113 657 1200 igitur
680 1113 804 1198 quando
826 1113 925 1178 voluit
945 1112 1072 1200 agnitus
1097 1120 1158 1191 est,
1186 1134 1251 1177 non
1275 1120 1392 1176 tantum

238 1217 410 1292 AEonibus,
426 1217 481 1281 sed
495 1224 527 1281 et
542 1216 592 1280 bis
606 1215 702 1300 quiin
715 1214 891 1280 novissimis
901 1216 1092 1301 temporibus
1101 1224 1193 1280 erant
1202 1214 1390 1285 homiuibus:

238 1344 301 1386 non
323 1322 429 1386 volens
449 1332 556 1387 autem
577 1323 618 1385 ab
640 1321 730 1386 initio
751 1321 890 1408 agnosci,
911 1320 1072 1406 ignoratus
1097 1328 1162 1385 est:
1192 1342 1291 1385 causa
1313 1320 1393 1404 igno-

237 1422 350 1486 rantiae
372 1423 543 1487 secundum
569 1445 625 1488 vos
647 1430 696 1487 est
719 1421 863 1487 voluntas
887 1420 1001 1485 Patris.
1048 1421 1083 1484 Si
1105 1421 1190 1485 enim
1214 1421 1393 1506 presciebat

238 1525 307 1588 baec
321 1524 367 1588 sic
381 1523 494 1602 futura,
510 1546 606 1609 quare
627 1524 745 1608 utiquc,
760 1523 941 1608 priusquam
962 1522 1061 1599 fieret,
1077 1543 1140 1586 non
1159 1521 1298 1587 abscidit
1313 1522 1392 1608 igno

238 1625 373 1690 tantiam
394 1625 543 1710 ipsorum,
567 1647 661 1710 quam
690 1633 809 1710 postea,
833 1624 918 1688 velut
943 1646 983 1688 ex
1007 1623 1205 1708 poenitentia,
1233 1633 1325 1688 curat
1345 1646 1393 1709 per

238 1727 436 1792 emissionem
448 1727 564 1792 christi
574 1731 584 1792 t
608 1728 709 1809 Quem
717 1727 801 1792 enim
810 1748 865 1812 per
877 1726 1036 1791 Christum
1047 1725 1244 1812 agnitionem
1255 1726 1393 1791 omnibus

238 1829 322 1907 fecit,
345 1830 443 1911 multa
464 1838 538 1895 ante
560 1838 683 1916 poterat
704 1830 806 1895 facere
823 1851 878 1914 per
895 1829 1015 1914 Logon,
1035 1828 1088 1913 qui
1109 1837 1143 1893 et
1157 1829 1393 1916 ²primogeuitus

237 1940 306 1996 erat
326 1933 535 2018 Monogentis.
574 1931 635 1997 Vel
649 1932 677 1995 si
691 1932 859 2016 praesciens
879 1933 976 1996 voluit
990 1932 1057 1996 fieri
1078 1932 1158 2011 haec,
1182 1955 1311 2018 semper
1332 1955 1393 2019 per·

237 2044 381 2099 severant
395 2035 579 2121 ignorantiae
594 2056 698 2120 opera,
713 2043 746 2099 et
760 2057 918 2119 nunquam
934 2043 1132 2120 praetereunt.
1164 2035 1244 2116 Qnae
1259 2036 1344 2100 enim
1357 2058 1392 2099 ex

237 2136 397 2201 voluntate
422 2137 604 2223 Propatoris
624 2137 719 2201 vestri
741 2138 825 2201 facta
848 2146 933 2214 sunt,
955 2159 1152 2222 perseverare
1175 2147 1302 2222 oportet
1327 2159 1392 2202 cnm

237 2238 396 2303 voluntate
411 2239 546 2324 ejusqui
561 2239 674 2303 voluit:
691 2239 739 2304 vel
750 2240 777 2303 si
792 2248 980 2325 praetereunt
995 2241 1073 2318 haec,
1089 2262 1162 2304 cum
1176 2240 1228 2304 his
1239 2241 1393 2325 praeteriet

238 2349 271 2405 et
285 2341 428 2406 voluntas
447 2342 525 2426 ejus,
541 2341 593 2425 qui
613 2342 822 2406 substantiam
839 2364 877 2407 ea
894 2342 1009 2408 habere
1023 2342 1128 2406 voluit.
1166 2343 1251 2424 Quid
1266 2343 1393 2407 enimet

237 2443 393 2508 discentes
412 2444 628 2528 requieverunt
647 2444 783 2521 AEones,
799 2452 832 2509 et
849 2445 1019 2530 perfectam
1036 2444 1232 2529 agnitionem
1251 2467 1392 2530 persepe

237 2555 320 2624 runt,
336 2545 498 2629 8quoniam
509 2545 691 2631 incapabibs
705 2554 754 2610 est
768 2555 801 2610 et
815 2545 1134 2632 incomprehensibilis
1150 2547 1271 2611 Pater?
1303 2546 1392 2611 Hanc

236 2657 342 2713 autem
371 2649 564 2734 agnitionem
590 2649 704 2712 babere
732 2656 901 2734 potuerunt
930 2649 1108 2733 priusquam
1137 2648 1171 2710 in
1199 2648 1392 2732 passionibus

236 2752 366 2814 fierent:
397 2771 460 2812 non
489 2750 573 2812 enim
602 2749 855 2814 deminorabatur
883 2749 1066 2835 magnitudo
1097 2748 1204 2813 Patris
1233 2750 1275 2813 ab
1308 2748 1392 2812 initio

236 2852 407 2935 scientibus
432 2851 482 2915 his
507 2851 580 2935 quia
607 2850 789 2937 incapabilis
812 2860 844 2917 et
867 2851 1187 2936 incomprehensibilis
1212 2861 1262 2917 est
1290 2852 1390 2916 Pater.

237 2953 272 3021 Si
287 2955 370 3017 enim
386 2962 512 3039 propter
526 2953 710 3020 immensam
724 2954 971 3041 magnitudinem
990 2955 1203 3039 ignorabatur,
1218 2961 1252 3018 et
1271 2964 1392 3040 propter

236 3056 420 3122 immensam
442 3055 640 3121 dilectionem
654 3055 861 3140 impassibiles
875 3056 1008 3120 debebat
1023 3076 1205 3120 conservare
1221 3056 1342 3140 eosqui
1355 3077 1390 3120 ex

236 3183 270 3225 se
285 3161 351 3224 nati
366 3168 465 3237 erant,
483 3159 630 3244 quoniam
652 3159 730 3223 nihil
751 3158 944 3244 prohibebat,
959 3158 1016 3222 sed
1036 3158 1138 3245 magis
1159 3158 1237 3223 utile
1258 3171 1339 3236 erat,
1355 3159 1391 3222 ab

236 3262 325 3327 initio
336 3263 517 3350 cognovisse
532 3284 595 3341 eos,
612 3263 758 3347 quoniam
772 3261 954 3348 incapabilis
967 3269 1000 3327 et
1014 3261 1337 3347 incomprehensibilis
1347 3272 1391 3328 est

238 3364 345 3429 Pater.

679 3531 781 3598 OAP.
804 3531 950 3598 XXIII.

239 3661 431 3752 Quoniam
440 3660 583 3760 Sophia
599 3689 788 3760 aurequom
813 3662 855 3736 iu
880 3663 1094 3761 cprtoroutio
1117 3676 1149 3738 et
1172 3663 1215 3739 in
1233 3665 1390 3740 derniuo

702 3779 845 3853 rationo
863 3792 923 3853 est.

302 3954 471 4035 Quor-tono
494 3961 600 4017 autem
621 3974 684 4017 non
701 3973 815 4016 vanum
837 3961 895 4029 est,
919 3952 1002 4036 quod
1031 3952 1127 4016 etiam
1152 3954 1306 4039 Sopbiam
1329 3957 1392 4042 ejus

235 4056 344 4120 dicunt
365 4055 398 4118 in
420 4054 604 4140 ignorantia,
620 4063 653 4118 et
672 4054 703 4117 in
726 4054 981 4132 deminoratIone,
998 4061 1031 4119 et
1054 4055 1086 4118 in
1109 4055 1256 4139 passione
1276 4059 1391 4122 fuisse!

238 4157 320 4221 Haec
335 4155 418 4221 enim
432 4155 534 4221 aliena
552 4165 627 4220 sunt
648 4176 668 4220 a
684 4155 801 4240 Sophia
822 4165 855 4222 et
876 4157 1041 4235 contraria,
1056 4157 1111 4221 sed
1132 4179 1190 4222 nec
1213 4159 1392 4225 affectiones

236 4259 304 4344 ejus
318 4267 403 4325 sunt.
448 4257 514 4322 Ubi
533 4258 616 4322 enim
631 4265 680 4322 est
694 4257 930 4343 improvidentia
944 4267 977 4323 et
990 4258 1167 4345 ignorantia
1181 4259 1341 4339 utilitatis,
1353 4260 1392 4326 ibi

287 4446 296 4477 ¹
313 4448 365 4496 AB.
379 4463 460 4508 quum.
842 4453 936 4498 correct
943 4450 1047 4513 thereby
1054 4449 1097 4497 the
1107 4455 1245 4498 statement
1255 4468 1280 4515 p.
1287 4453 1328 4511 82,
1338 4468 1361 4501 n.
1368 4463 1390 4510 3.

287 4525 299 4556 ²
315 4528 330 4575 i.
342 4543 363 4576 e.
385 4528 450 4577 Nus.
471 4527 493 4576 Ι.
508 4529 523 4577 i.
532 4541 554 4577 a.
568 4527 598 4577 cf.
611 4527 666 4577 III.
680 4527 726 4589 §6,
741 4529 790 4577 and
890 4528 901 4562 ⁸
917 4533 1043 4592 ἀχώρητος
1053 4532 1091 4579 καί
1103 4532 1286 4590 ἀκατάληπτος,
1301 4534 1324 4584 1.
1332 4535 1347 4582 i.
1358 4552 1380 4593 4.
