2954 4986
548 340 790 395 ramsunrro.
1168 328 1237 396 363

82 494 170 575 Quos
179 493 275 560 coelos
283 494 500 562 finnavemntt
515 518 608 581 quam
615 504 730 562 terram
742 496 966 564 solidaverunt?
981 519 1059 586 quas
1066 498 1236 565 emiserunt
1259 518 1396 605 magam

80 596 209 662 stellas?
223 598 270 662 vel
285 622 355 685 qua
370 600 534 664 luminaria
548 600 798 666 elucidaverunt?
815 602 928 687 quibus
940 610 1046 667 autem
1053 602 1175 668 circulis
1189 603 1236 668 in·
1260 612 1346 699 (ffigg
1352 612 1399 699 ¹1¹3}-

80 702 289 768 sraenavemnt
304 706 362 769 cal
377 705 425 769 vel
440 728 517 790 quas
531 705 659 792 pluvias,
674 706 722 770 vel
736 706 860 792 frigora,
875 706 924 771 vel
940 706 1050 783 lnives,
1066 707 1236 771 secundum
1287 706 1366 745 ¹¹¹¹*

80 814 215 893 tempus,
231 817 263 872 et
274 809 442 873 secundum
451 831 699 896 unamquamque
708 808 865 895 regionem
874 809 1030 895 aptabilia,
1041 810 1237 875 adduxerunt

80 913 190 976 terrant
213 912 313 993 Quem
328 922 434 976 autem
449 914 582 977 calorem
597 922 630 977 et
644 913 818 977 siccitatem
830 936 848 978 e
859 914 1015 978 contrario
1026 923 1237 999 apposuerunt

80 1012 142 1078 eis?
156 1022 290 1099 autquae
299 1016 427 1079 fluorina
436 1017 593 1080 abundare
602 1018 760 1081 lecerunt?
775 1039 853 1101 quos
863 1026 968 1081 autem
983 1017 1156 1081 eduxerunt
1168 1017 1237 1081 son-

81 1120 151 1182 tes?
168 1118 299 1203 '²q11ibus
309 1129 415 1183 autem
426 1119 553 1184 floribus
566 1129 598 1185 et
609 1120 770 1184 arboribus
781 1120 1009 1185 adornaverunt
1024 1143 1094 1185 eam
1107 1142 1176 1207 quae
1188 1128 1237 1185 est

81 1223 140 1285 sub
155 1221 254 1286 ccelo't
277 1223 324 1286 vel
340 1245 432 1307 qnam
448 1223 677 1287 multitudinem
691 1223 870 1287 animalium
885 1225 1105 1303 formaverunt,
1121 1223 1235 1310 partim

81 1325 207 1409 quidem
221 1325 460 1403 rationabilium,
477 1327 591 1412 partim
611 1336 717 1391 autem
739 1326 1005 1407 irrationabilium,
1024 1328 1237 1393 universorum

80 1428 181 1492 sonna
210 1432 409 1494 ornatorum?
452 1430 497 1494 Et
524 1431 642 1515 reliqua
676 1430 781 1495 omnia
814 1453 884 1515 quae
913 1453 969 1515 per
998 1432 1145 1495 virtutem
1175 1429 1237 1494 Dei

81 1541 156 1596 sunt
178 1533 357 1611 constituta,
380 1541 413 1598 et
434 1534 587 1619 sapientia
613 1535 680 1620 ejus
703 1536 924 1621 gubernantur,
949 1534 1019 1620 quis
1041 1535 1156 1620 poterit
1181 1555 1238 1620 per

82 1633 206 1720 singula
219 1657 409 1715 enumerare,
425 1636 472 1700 vel
494 1636 680 1723 investigare
701 1636 947 1723 magnitudinem
968 1636 1130 1721 sapientiae
1157 1637 1236 1722 ejus,

83 1737 136 1820 qui
161 1738 245 1815 fecit,
265 1737 348 1802 Doi'l
393 1739 476 1821 Quid
495 1748 601 1803 antem
625 1739 677 1803 illa
698 1762 767 1824 quse
785 1760 880 1824 super
903 1738 1026 1815 coelum,
1043 1747 1075 1803 et
1090 1760 1160 1823 quse
1174 1760 1237 1803 non

82 1847 281 1925 praetereunt,
303 1846 439 1927 ³quanta
460 1851 544 1919 sunt,
567 1841 694 1929 Angeli,
717 1842 920 1929 Archangeli,
942 1840 1070 1921 Throni,
1087 1841 1237 1906 Domina·

82 1942 194 2017 tiones,
222 1944 403 2010 Potestates
429 1945 689 2011 innumerabiles?
733 1947 894 2011 Adversus
917 1946 1000 2032 quod
1020 1945 1117 2032 igitur
1140 1967 1238 2010 unum

83 2068 162 2131 opus
176 2070 216 2112 ex
231 2047 281 2112 his
295 2048 480 2133 semetipsos
495 2071 512 2113 e
528 2050 682 2115 contrario
696 2050 911 2115 constituunt?
955 2049 1037 2131 Quid
1051 2048 1114 2113 tale
1133 2057 1238 2114 osten·

84 2151 156 2214 dere
173 2151 291 2215 habent
314 2173 370 2237 per
391 2152 585 2237 semetipsos,
607 2153 656 2218 vel
677 2175 696 2217 a
718 2152 893 2239 semetipsis
910 2153 1037 2229 lactum,
1061 2152 1184 2237 quando
1205 2159 1238 2217 et

84 2252 144 2336 ipsi
170 2252 263 2338 hujus
286 2254 407 2317 lactura
430 2261 463 2318 et
483 2254 646 2338 plasmatio
673 2256 760 2319 sint?
796 2255 867 2319 Sive
890 2254 972 2319 enim
996 2254 1146 2332 Salvator,
1172 2253 1238 2319 sivo

86 2356 193 2420 Mater
215 2355 352 2442 ipsorum
378 2360 428 2442 (ut
450 2357 574 2443 propria
599 2358 735 2444 ipsorum
758 2358 908 2436 dicamus,
938 2379 994 2441 per
1018 2379 1076 2421 sna
1099 2358 1237 2443 ipsorum

83 2460 207 2544 propria
221 2461 386 2525 mendaces
400 2483 454 2525 eos
468 2462 649 2547 arguentes)
666 2484 723 2526 usa
736 2469 785 2526 est
800 2461 870 2541 hoc,
885 2468 922 2525 ut
935 2461 1053 2537 dicunt,
1067 2460 1108 2524 ad
1123 2460 1237 2525 facien-

84 2563 155 2627 dam
167 2564 335 2651 imaginem
346 2570 468 2629 ⁴eorum
481 2588 550 2652 quae
562 2565 644 2630 intra
654 2566 799 2630 Pleroma
809 2573 894 2643 suut,
905 2574 938 2630 et
948 2562 1236 2648 'contemplationis

83 2667 233 2731 universae
255 2689 348 2751 qumn
365 2668 442 2733 vidit
463 2669 547 2734 circa
570 2668 783 2743 Salvatorem
806 2676 956 2753 tanquam
972 2667 1098 2732 meliore
1117 2666 1187 2743 hoo,
1203 2674 1236 2731 et

82 2771 263 2856 optabiliore
277 2773 318 2836 ad
334 2773 505 2837 faciendam
520 2774 710 2839 voluntatem
725 2796 814 2839 suam
827 2796 882 2860 per
895 2794 978 2850 enm,
998 2794 1057 2837 usa
1075 2780 1143 2838 est:
1166 2779 1237 2836 tan·

83 2883 186 2939 torum
200 2876 284 2940 enim
298 2875 450 2964 imagines
463 2898 657 2964 nequaquam
672 2899 728 2964 per
741 2877 925 2956 inferiorem,
940 2876 996 2942 sed
1009 2898 1065 2962 per
1079 2875 1237 2940 meliorem

83 2977 291 3043 ⁶del'ormavit.

34 3104 64 3145 aa.
150 3084 179 3150 4.
204 3081 305 3146 Erant
318 3081 401 3147 enim
416 3090 448 3147 et
462 3082 521 3168 ipsi
536 3091 622 3161 tune,
636 3082 735 3148 ⁶sicut
749 3083 808 3168 ipsi
826 3082 943 3160 dicunt,
962 3080 1148 3147 exsistentes
1163 3102 1236 3146 con·

84 3184 186 3268 ceptio
215 3184 362 3269 spiritalis
389 3186 560 3251 secundum
588 3185 898 3268 reontemptationem
927 3206 1034 3250 eorum
1063 3183 1115 3270 qui
1144 3189 1237 3272 ⁸erga

85 3284 262 3349 Pandoram
285 3295 358 3351 sunt
379 3287 529 3352 satellites
547 3287 700 3373 dispositi.
745 3287 790 3351 Et
804 3287 837 3351 hi
857 3287 981 3373 quidem
1006 3287 1114 3352 ”vacui
1133 3310 1236 3375 perse-

83 3389 240 3466 verabant,
264 3389 339 3453 nilril
362 3412 416 3475 per
436 3413 491 3455 eos
512 3391 690 3475 perficiente
714 3390 842 3466 Matre;
872 3390 948 3455 ¹⁰vel
967 3412 1023 3476 per
1043 3390 1237 3457 Salvatorem

132 3534 232 3585 1nim.
278 3538 409 3586 atnssnnr
438 3541 488 3587 and
519 3540 633 3589 srrrrrs
734 3538 914 3602 suasmet,
938 3556 966 3588 as
988 3539 1126 3601 elsewhere,
1150 3540 1171 3589 is
1194 3540 1237 3590 the

81 3617 145 3665 have
156 3618 276 3679 aninmo,
289 3621 336 3668 but
347 3620 473 3669 Insanus
484 3622 577 3685 plainly
589 3623 634 3670 has
685 3620 832 3669 translation
844 3622 873 3668 ol
882 3620 1040 3682 ἐξεμόρφωσε.

83 3700 109 3747 in
126 3701 164 3748 his
181 3702 250 3750 mind
266 3704 309 3751 the
326 3703 430 3751 sublime
444 3705 524 3752 words
541 3705 569 3752 of
582 3705 634 3753 Job
735 3700 823 3751 “ciart
839 3702 896 3763 ipsi.
930 3702 983 3750 The
1000 3702 1100 3750 Cannu.
1119 3700 1177 3751 MS.
1192 3702 1238 3751 has

83 3782 121 3829 oh.
145 3783 247 3842 xxxviii,
272 3785 378 3832 without
403 3784 507 3849 directly
529 3786 635 3849 quoting
686 3784 776 3848 simply
805 3784 885 3844 sicuti,
921 3784 964 3832 the
991 3782 1071 3833 Voss.
1101 3800 1166 3849 copy
1192 3784 1238 3833 has

83 3863 159 3923 them,
173 3865 233 3911 with
245 3866 325 3913 which
335 3866 451 3914 (lannrl’s
459 3867 562 3930 reading
571 3867 635 3915 uires
685 3864 742 3928 ipsi

83 3945 188 4009 entirely
199 3947 361 3998 harmonicas.
735 3947 746 3979 ⁷
763 3948 868 4010 θεωρίας,
881 3948 913 3997 cl.
925 3964 967 4013 pp.
981 3963 1020 4010 41,
1036 3962 1075 4011 50.

131 4025 214 4077 ”Tios
242 4032 337 4077 ἄνθεσιν
363 4031 500 4090 ἐκόσμησαν
524 4033 569 4090 τὴν
593 4032 634 4080 ὑπ’
735 4029 827 4093 ⁸erqo,
841 4032 902 4095 περί.

83 4110 187 4169 ούρανοῦ,
204 4110 280 4171 iden,
294 4114 403 4175 τὴνγῆν,
417 4121 514 4162 terram.
536 4114 609 4163 Btnn.
735 4112 818 4162 'The
844 4115 1009 4178 punctuation
1037 4114 1058 4163 is
1084 4112 1178 4163 altered
1204 4112 1239 4176 by

131 4190 142 4222 ³
159 4201 257 4253 quanta.
301 4194 390 4252 Qualia
409 4211 499 4258 ponere
520 4196 635 4244 debrtissrt
686 4194 785 4259 placing
796 4212 812 4244 a
822 4196 953 4245 semicolon
965 4196 1030 4245 after
1040 4195 1128 4255 Motu,
1142 4192 1241 4243 instead

83 4275 214 4338 Interprer.
241 4278 343 4327 Ganos.
686 4278 715 4325 ol
733 4294 749 4326 a
770 4293 875 4338 comma,
898 4292 927 4326 ss
948 4278 975 4325 in
996 4274 1114 4326 Gaasl's
1135 4274 1239 4325 edition.

132 4357 143 4387 ⁴
159 4358 249 4407 AEorna
265 4361 285 4409 is
302 4377 329 4408 so
347 4361 415 4409 osten
433 4362 563 4425 expressed
577 4378 605 4410 aa
620 4379 636 4411 a
687 4360 817 4410 Masonsa
827 4360 915 4424 rejects
929 4374 992 4409 sven
1004 4358 1063 4420 this,
1081 4356 1133 4407 and
1141 4362 1203 4423 pnta
1212 4356 1241 4407 ln

82 4438 633 4501 feminino-noun,thatrorunr-intheCosnn.
686 4443 865 4506 aparcnthosis
879 4440 1165 4507 (atta...80amom).
1194 4440 1242 4493 Βω
1298 4434 1305 4447 ’

83 4537 146 4584 copy
168 4522 189 4569 is
211 4523 245 4587 by
267 4539 300 4572 no
322 4540 407 4573 means
428 4540 461 4573 an
484 4525 636 4588 improbable
686 4530 748 4573 next
763 4530 830 4573 note.

82 4605 194 4667 reading.
735 4605 758 4639 ¹⁰
773 4606 810 4655 rel
823 4606 846 4656 is
858 4606 982 4657 canoelled
995 4606 1031 4673 by
1040 4604 1181 4671 Mutum,
1191 4604 1244 4659 nd
1273 4524 1396 4692 :¹
