<?xml version="1.0" encoding="UTF-8"?>
<!DOCTYPE html PUBLIC "-//W3C//DTD XHTML 1.0 Transitional//EN"
    "http://www.w3.org/TR/xhtml1/DTD/xhtml1-transitional.dtd">
<html xmlns="http://www.w3.org/1999/xhtml" xml:lang="en" lang="en">
 <head>
  <title>
</title>
<meta http-equiv="Content-Type" content="text/html;charset=utf-8" />
  <meta name='ocr-system' content='tesseract 3.04.00' />
  <meta name='ocr-capabilities' content='ocr_page ocr_carea ocr_par ocr_line ocrx_word'/>
</head>
<body>
  <div class='ocr_page' id='page_1' title='image "./sanctiirenaeiep01harvgoog_0340.png"; bbox 0 0 2954 4986; ppageno 0'>
   <div class='ocr_carea' id='block_1_1' title="bbox 245 334 979 397">
    <p class='ocr_par' dir='ltr' id='par_1_1' title="bbox 245 334 979 397">
     <span class='ocr_line' id='line_1_1' title="bbox 245 334 979 397; baseline -0.003 -1"><span class='ocrx_word' id='word_1_1' title='bbox 245 334 309 397; x_wconf 84' lang='lat'>120</span> <span class='ocrx_word' id='word_1_2' title='bbox 652 344 775 396; x_wconf 77' lang='lat' dir='ltr'>Manui</span> <span class='ocrx_word' id='word_1_3' title='bbox 803 343 979 395; x_wconf 73' lang='lat' dir='ltr'>sirannus</span> 
     </span>
    </p>
   </div>
   <div class='ocr_carea' id='block_1_2' title="bbox 73 501 1394 715">
    <p class='ocr_par' dir='ltr' id='par_1_2' title="bbox 73 501 1394 715">
     <span class='ocr_line' id='line_1_2' title="bbox 74 501 1394 608; baseline -0.001 -32"><span class='ocrx_word' id='word_1_4' title='bbox 74 522 228 608; x_wconf 50' lang='lat' dir='ltr'>lgfflspffff</span> <span class='ocrx_word' id='word_1_5' title='bbox 243 506 432 587; x_wconf 91' lang='grc' dir='ltr'>ματίσασαι</span> <span class='ocrx_word' id='word_1_6' title='bbox 454 504 562 588; x_wconf 83' lang='grc' dir='ltr'>αύτόν,</span> <span class='ocrx_word' id='word_1_7' title='bbox 583 505 813 602; x_wconf 76' lang='grc' dir='ltr'>ἐχωρίσθησαν</span> <span class='ocrx_word' id='word_1_8' title='bbox 830 509 893 575; x_wconf 80' lang='grc' dir='ltr'>τοῦ</span> <span class='ocrx_word' id='word_1_9' title='bbox 909 505 1066 574; x_wconf 89' lang='grc' dir='ltr'>τοιούτου</span> <span class='ocrx_word' id='word_1_10' title='bbox 1085 503 1213 573; x_wconf 84' lang='grc' dir='ltr'>θιάσου·</span> <span class='ocrx_word' id='word_1_11' title='bbox 1254 501 1394 598; x_wconf 71' lang='grc' dir='ltr'>ιἰκριβῶς</span> 
     </span>
     <span class='ocr_line' id='line_1_3' title="bbox 73 613 1392 715; baseline -0.006 -27"><span class='ocrx_word' id='word_1_12' title='bbox 73 615 223 699; x_wconf 52' lang='lat' dir='ltr'>“Affiss&#39;ffl</span> <span class='ocrx_word' id='word_1_13' title='bbox 244 617 365 700; x_wconf 81' lang='grc' dir='ltr'>είθυῖαι,</span> <span class='ocrx_word' id='word_1_14' title='bbox 384 619 437 689; x_wconf 86' lang='grc' dir='ltr'>ότι</span> <span class='ocrx_word' id='word_1_15' title='bbox 459 619 680 715; x_wconf 78' lang='grc' dir='ltr'>προφητεύειν</span> <span class='ocrx_word' id='word_1_16' title='bbox 695 617 758 712; x_wconf 83' lang='grc' dir='ltr'>ούχ</span> <span class='ocrx_word' id='word_1_17' title='bbox 777 616 841 687; x_wconf 81' lang='grc' dir='ltr'>ύπὸ</span> <span class='ocrx_word' id='word_1_18' title='bbox 852 614 1003 713; x_wconf 35' lang='grc' dir='ltr'>,Μόρκου</span> <span class='ocrx_word' id='word_1_19' title='bbox 1020 621 1083 686; x_wconf 81' lang='grc' dir='ltr'>τοῦ</span> <span class='ocrx_word' id='word_1_20' title='bbox 1097 613 1210 705; x_wconf 84' lang='grc' dir='ltr'>μα’γου</span> <span class='ocrx_word' id='word_1_21' title='bbox 1225 613 1392 705; x_wconf 72' lang='grc' dir='ltr'>ἐγγίνεται</span> 
     </span>
    </p>
   </div>
   <div class='ocr_carea' id='block_1_3' title="bbox 80 724 1452 1840">
    <p class='ocr_par' dir='ltr' id='par_1_3' title="bbox 80 724 1452 1840">
     <span class='ocr_line' id='line_1_4' title="bbox 80 724 1394 827; baseline -0.006 -25"><span class='ocrx_word' id='word_1_22' title='bbox 80 736 314 806; x_wconf 75' lang='lat' dir='ltr'>—reio</span> <span class='ocrx_word' id='word_1_23' title='bbox 345 730 537 827; x_wconf 80' lang='grc' dir='ltr'>ἇνθρώποις,</span> <span class='ocrx_word' id='word_1_24' title='bbox 571 729 652 799; x_wconf 80' lang='grc' dir='ltr'>ἁλλ’</span> <span class='ocrx_word' id='word_1_25' title='bbox 682 726 729 804; x_wconf 88' lang='grc' dir='ltr'>οίς</span> <span class='ocrx_word' id='word_1_26' title='bbox 755 724 795 797; x_wconf 80' lang='lat' dir='ltr'>dv</span> <span class='ocrx_word' id='word_1_27' title='bbox 822 731 840 798; x_wconf 87' lang='grc' dir='ltr'>ὁ</span> <span class='ocrx_word' id='word_1_28' title='bbox 872 727 955 804; x_wconf 79' lang='grc' dir='ltr'>Θεὸς</span> <span class='ocrx_word' id='word_1_29' title='bbox 986 727 1105 798; x_wconf 82' lang='grc' dir='ltr'>ἄνωθεν</span> <span class='ocrx_word' id='word_1_30' title='bbox 1131 727 1313 821; x_wconf 70' lang='grc' dir='ltr'>ε’πιπέμψη</span> <span class='ocrx_word' id='word_1_31' title='bbox 1339 725 1394 806; x_wconf 75' lang='grc' dir='ltr'>την</span> 
     </span>
     <span class='ocr_line' id='line_1_5' title="bbox 243 837 1393 940; baseline -0.005 -28"><span class='ocrx_word' id='word_1_32' title='bbox 243 844 343 940; x_wconf 82' lang='grc' dir='ltr'>χάριν</span> <span class='ocrx_word' id='word_1_33' title='bbox 378 845 486 925; x_wconf 76' lang='grc' dir='ltr'>αὑτοῦ,</span> <span class='ocrx_word' id='word_1_34' title='bbox 517 841 610 912; x_wconf 75' lang='lat' dir='ltr'>orirer</span> <span class='ocrx_word' id='word_1_35' title='bbox 644 838 828 911; x_wconf 76' lang='grc' dir='ltr'>θεόσδοτον</span> <span class='ocrx_word' id='word_1_36' title='bbox 859 841 974 935; x_wconf 80' lang='grc' dir='ltr'>ἔχουσι</span> <span class='ocrx_word' id='word_1_37' title='bbox 1003 840 1063 921; x_wconf 72' lang='grc' dir='ltr'>τὴν</span> <span class='ocrx_word' id='word_1_38' title='bbox 1092 838 1316 938; x_wconf 85' lang='grc' dir='ltr'>προφητείαν,</span> <span class='ocrx_word' id='word_1_39' title='bbox 1345 837 1393 906; x_wconf 76' lang='grc' dir='ltr'>καί</span> 
     </span>
     <span class='ocr_line' id='line_1_6' title="bbox 241 950 1393 1046; baseline -0.008 -19"><span class='ocrx_word' id='word_1_40' title='bbox 241 957 326 1027; x_wconf 89' lang='grc' dir='ltr'>τότε</span> <span class='ocrx_word' id='word_1_41' title='bbox 345 959 510 1024; x_wconf 78' lang='grc' dir='ltr'>λαλοῦσιν</span> <span class='ocrx_word' id='word_1_42' title='bbox 532 955 608 1024; x_wconf 80' lang='grc' dir='ltr'>ἔνθα</span> <span class='ocrx_word' id='word_1_43' title='bbox 630 953 683 1022; x_wconf 82' lang='grc' dir='ltr'>καί</span> <span class='ocrx_word' id='word_1_44' title='bbox 706 954 814 1024; x_wconf 84' lang='grc' dir='ltr'>ὁπότε</span> <span class='ocrx_word' id='word_1_45' title='bbox 837 952 922 1028; x_wconf 84' lang='grc' dir='ltr'>Θεὸς</span> <span class='ocrx_word' id='word_1_46' title='bbox 948 954 1122 1039; x_wconf 84' lang='grc' dir='ltr'>βούλεται,</span> <span class='ocrx_word' id='word_1_47' title='bbox 1147 950 1226 1021; x_wconf 78' lang='grc' dir='ltr'>ἁλλ’</span> <span class='ocrx_word' id='word_1_48' title='bbox 1257 952 1320 1046; x_wconf 87' lang='grc' dir='ltr'>ούχ</span> <span class='ocrx_word' id='word_1_49' title='bbox 1340 951 1393 1021; x_wconf 82' lang='grc' dir='ltr'>ὅτε</span> 
     </span>
     <span class='ocr_line' id='line_1_7' title="bbox 242 1061 1394 1165; baseline -0.005 -28"><span class='ocrx_word' id='word_1_50' title='bbox 242 1067 384 1165; x_wconf 87' lang='grc' dir='ltr'>Μόρκος</span> <span class='ocrx_word' id='word_1_51' title='bbox 406 1068 535 1137; x_wconf 79' lang='grc' dir='ltr'>κελεύει.</span> <span class='ocrx_word' id='word_1_52' title='bbox 578 1064 632 1135; x_wconf 84' lang='grc' dir='ltr'>Τό</span> <span class='ocrx_word' id='word_1_53' title='bbox 658 1063 726 1163; x_wconf 84' lang='grc' dir='ltr'>γὰρ</span> <span class='ocrx_word' id='word_1_54' title='bbox 748 1071 878 1135; x_wconf 79' lang='grc' dir='ltr'>κελεῦον</span> <span class='ocrx_word' id='word_1_55' title='bbox 899 1070 961 1136; x_wconf 79' lang='grc' dir='ltr'>τοῦ</span> <span class='ocrx_word' id='word_1_56' title='bbox 984 1065 1195 1149; x_wconf 80' lang='grc' dir='ltr'>κελευομὲνου</span> <span class='ocrx_word' id='word_1_57' title='bbox 1220 1061 1336 1163; x_wconf 77' lang='grc' dir='ltr'>μεῖζόν</span> <span class='ocrx_word' id='word_1_58' title='bbox 1358 1094 1394 1132; x_wconf 90' lang='grc' dir='ltr'>τε</span> 
     </span>
     <span class='ocr_line' id='line_1_8' title="bbox 242 1174 1391 1277; baseline -0.006 -28"><span class='ocrx_word' id='word_1_59' title='bbox 242 1180 294 1249; x_wconf 81' lang='grc' dir='ltr'>καί</span> <span class='ocrx_word' id='word_1_60' title='bbox 315 1181 518 1277; x_wconf 82' lang='grc' dir='ltr'>κυριότερον,</span> <span class='ocrx_word' id='word_1_61' title='bbox 543 1178 614 1248; x_wconf 81' lang='grc' dir='ltr'>ε’πεί</span> <span class='ocrx_word' id='word_1_62' title='bbox 641 1175 685 1248; x_wconf 79' lang='grc' dir='ltr'>τό</span> <span class='ocrx_word' id='word_1_63' title='bbox 713 1175 773 1260; x_wconf 78' lang='grc' dir='ltr'>μὲν</span> <span class='ocrx_word' id='word_1_64' title='bbox 798 1187 1008 1275; x_wconf 82' lang='grc' dir='ltr'>προηγεῖται,</span> <span class='ocrx_word' id='word_1_65' title='bbox 1034 1174 1076 1247; x_wconf 82' lang='grc' dir='ltr'>τό</span> <span class='ocrx_word' id='word_1_66' title='bbox 1100 1174 1134 1246; x_wconf 77' lang='grc' dir='ltr'>δὲ</span> <span class='ocrx_word' id='word_1_67' title='bbox 1158 1176 1391 1248; x_wconf 72' lang='grc' dir='ltr'>ὑποτέτακται.</span> 
     </span>
     <span class='ocr_line' id='line_1_9' title="bbox 242 1287 1452 1390; baseline -0.004 -30"><span class='ocrx_word' id='word_1_68' title='bbox 242 1290 291 1362; x_wconf 83' lang='grc' dir='ltr'>Εἰ</span> <span class='ocrx_word' id='word_1_69' title='bbox 313 1289 366 1362; x_wconf 82' lang='grc' dir='ltr'>ούν</span> <span class='ocrx_word' id='word_1_70' title='bbox 384 1290 525 1390; x_wconf 86' lang='grc' dir='ltr'>Μιίρκος</span> <span class='ocrx_word' id='word_1_71' title='bbox 546 1289 605 1374; x_wconf 74' lang='grc' dir='ltr'>μὲν</span> <span class='ocrx_word' id='word_1_72' title='bbox 624 1291 752 1374; x_wconf 90' lang='grc' dir='ltr'>κελεύει,</span> <span class='ocrx_word' id='word_1_73' title='bbox 773 1289 797 1371; x_wconf 59' lang='grc' dir='ltr'>η*</span> <span class='ocrx_word' id='word_1_74' title='bbox 814 1289 919 1367; x_wconf 77' lang='grc' dir='ltr'>ἄλλος</span> <span class='ocrx_word' id='word_1_75' title='bbox 940 1321 1000 1373; x_wconf 90' lang='grc' dir='ltr'>τις,</span> <span class='ocrx_word' id='word_1_76' title='bbox 1018 1292 1058 1365; x_wconf 83' lang='grc' dir='ltr'>ὡς</span> <span class='ocrx_word' id='word_1_77' title='bbox 1080 1290 1233 1359; x_wconf 81' lang='grc' dir='ltr'>είιύθασιν</span> <span class='ocrx_word' id='word_1_78' title='bbox 1249 1287 1305 1357; x_wconf 82' lang='grc' dir='ltr'>ε’πί</span> <span class='ocrx_word' id='word_1_79' title='bbox 1327 1297 1452 1361; x_wconf 61' lang='lat' dir='ltr'>votius</span> 
     </span>
     <span class='ocr_line' id='line_1_10' title="bbox 243 1399 1392 1502; baseline -0.004 -29"><span class='ocrx_word' id='word_1_80' title='bbox 243 1401 382 1480; x_wconf 83' lang='grc' dir='ltr'>θείπνοις</span> <span class='ocrx_word' id='word_1_81' title='bbox 411 1409 491 1474; x_wconf 66' lang='grc' dir='ltr'>’τοῦ</span> <span class='ocrx_word' id='word_1_82' title='bbox 519 1404 642 1501; x_wconf 72' lang='grc' dir='ltr'>κλήρου</span> <span class='ocrx_word' id='word_1_83' title='bbox 674 1404 765 1474; x_wconf 85' lang='grc' dir='ltr'>ούτοι</span> <span class='ocrx_word' id='word_1_84' title='bbox 796 1405 947 1474; x_wconf 80' lang='grc' dir='ltr'>πάντοτε</span> <span class='ocrx_word' id='word_1_85' title='bbox 975 1399 1116 1502; x_wconf 73' lang='grc' dir='ltr'>παίζειν,</span> <span class='ocrx_word' id='word_1_86' title='bbox 1146 1402 1200 1472; x_wconf 80' lang='grc' dir='ltr'>καί</span> <span class='ocrx_word' id='word_1_87' title='bbox 1236 1401 1392 1482; x_wconf 75' lang='grc' dir='ltr'>ἀλληλοις</span> 
     </span>
     <span class='ocr_line' id='line_1_11' title="bbox 242 1511 1392 1614; baseline -0.005 -27"><span class='ocrx_word' id='word_1_88' title='bbox 242 1517 471 1607; x_wconf 75' lang='grc' dir='ltr'>ἐγκελεύεσθαι</span> <span class='ocrx_word' id='word_1_89' title='bbox 503 1514 546 1586; x_wconf 83' lang='grc' dir='ltr'>τό</span> <span class='ocrx_word' id='word_1_90' title='bbox 578 1516 807 1614; x_wconf 79' lang='grc' dir='ltr'>προφητεύειν,</span> <span class='ocrx_word' id='word_1_91' title='bbox 834 1515 887 1584; x_wconf 82' lang='grc' dir='ltr'>καί</span> <span class='ocrx_word' id='word_1_92' title='bbox 914 1513 998 1612; x_wconf 80' lang='grc' dir='ltr'>πρὸς</span> <span class='ocrx_word' id='word_1_93' title='bbox 1024 1511 1084 1590; x_wconf 77' lang='grc' dir='ltr'>τὰς</span> <span class='ocrx_word' id='word_1_94' title='bbox 1113 1512 1195 1591; x_wconf 63' lang='lat' dir='ltr'>tritae</span> <span class='ocrx_word' id='word_1_95' title='bbox 1223 1513 1392 1596; x_wconf 85' lang='grc' dir='ltr'>ε’πιθυμίας</span> 
     </span>
     <span class='ocr_line' id='line_1_12' title="bbox 243 1624 1392 1726; baseline 0.001 -28"><span class='ocrx_word' id='word_1_96' title='bbox 243 1631 370 1704; x_wconf 75' lang='grc' dir='ltr'>ἑαυτοῖς</span> <span class='ocrx_word' id='word_1_97' title='bbox 387 1629 613 1712; x_wconf 88' lang='grc' dir='ltr'>μαντεύεσθαι,</span> <span class='ocrx_word' id='word_1_98' title='bbox 634 1629 731 1698; x_wconf 79' lang='grc' dir='ltr'>ἔσται</span> <span class='ocrx_word' id='word_1_99' title='bbox 752 1631 770 1697; x_wconf 89' lang='grc' dir='ltr'>ὁ</span> <span class='ocrx_word' id='word_1_100' title='bbox 788 1628 922 1697; x_wconf 86' lang='grc' dir='ltr'>κελεύων</span> <span class='ocrx_word' id='word_1_101' title='bbox 938 1625 1056 1726; x_wconf 76' lang='grc' dir='ltr'>μείζων</span> <span class='ocrx_word' id='word_1_102' title='bbox 1072 1658 1112 1697; x_wconf 91' lang='grc' dir='ltr'>τε</span> <span class='ocrx_word' id='word_1_103' title='bbox 1128 1628 1181 1696; x_wconf 80' lang='grc' dir='ltr'>καί</span> <span class='ocrx_word' id='word_1_104' title='bbox 1199 1624 1392 1724; x_wconf 71' lang='grc' dir='ltr'>κυριιύτερου</span> 
     </span>
     <span class='ocr_line' id='line_1_13' title="bbox 242 1735 1391 1840; baseline -0.006 -28"><span class='ocrx_word' id='word_1_105' title='bbox 242 1747 305 1812; x_wconf 83' lang='grc' dir='ltr'>τοῦ</span> <span class='ocrx_word' id='word_1_106' title='bbox 339 1746 553 1840; x_wconf 81' lang='grc' dir='ltr'>προφητικού</span> <span class='ocrx_word' id='word_1_107' title='bbox 581 1741 773 1823; x_wconf 89' lang='grc' dir='ltr'>πνεύματος,</span> <span class='ocrx_word' id='word_1_108' title='bbox 811 1738 983 1837; x_wconf 79' lang='grc' dir='ltr'>ἅνθρωπος</span> <span class='ocrx_word' id='word_1_109' title='bbox 1017 1735 1068 1821; x_wconf 79' lang='lat' dir='ltr'>eiu,</span> <span class='ocrx_word' id='word_1_110' title='bbox 1103 1739 1187 1837; x_wconf 83' lang='grc' dir='ltr'>ὅπερ</span> <span class='ocrx_word' id='word_1_111' title='bbox 1223 1736 1391 1808; x_wconf 77' lang='grc' dir='ltr'>ἀδύνατον.</span> 
     </span>
    </p>
   </div>
   <div class='ocr_carea' id='block_1_4' title="bbox 243 1851 1392 1935">
    <p class='ocr_par' dir='ltr' id='par_1_4' title="bbox 243 1851 1392 1935">
     <span class='ocr_line' id='line_1_14' title="bbox 243 1851 1392 1935; baseline -0.005 -11"><span class='ocrx_word' id='word_1_112' title='bbox 243 1851 335 1924; x_wconf 81' lang='grc' dir='ltr'>ιἰλλὰ</span> <span class='ocrx_word' id='word_1_113' title='bbox 361 1859 503 1925; x_wconf 85' lang='grc' dir='ltr'>τοιαῦτα</span> <span class='ocrx_word' id='word_1_114' title='bbox 530 1853 722 1935; x_wconf 84' lang='grc' dir='ltr'>κελευόμενα</span> <span class='ocrx_word' id='word_1_115' title='bbox 747 1851 798 1921; x_wconf 79' lang='grc' dir='ltr'>ὑπ’</span> <span class='ocrx_word' id='word_1_116' title='bbox 826 1853 930 1923; x_wconf 83' lang='grc' dir='ltr'>αύτῶν</span> <span class='ocrx_word' id='word_1_117' title='bbox 954 1852 1132 1935; x_wconf 87' lang='grc' dir='ltr'>πνεύματα,</span> <span class='ocrx_word' id='word_1_118' title='bbox 1151 1851 1205 1921; x_wconf 79' lang='grc' dir='ltr'>καί</span> <span class='ocrx_word' id='word_1_119' title='bbox 1224 1856 1392 1920; x_wconf 78' lang='grc' dir='ltr'>λαλοῦντα</span> 
     </span>
    </p>
   </div>
   <div class='ocr_carea' id='block_1_5' title="bbox 244 1959 1393 2063">
    <p class='ocr_par' dir='ltr' id='par_1_5' title="bbox 244 1959 1393 2063">
     <span class='ocr_line' id='line_1_15' title="bbox 244 1959 1393 2063; baseline -0.006 -26"><span class='ocrx_word' id='word_1_120' title='bbox 244 1968 351 2037; x_wconf 90' lang='grc' dir='ltr'>ὁπότε</span> <span class='ocrx_word' id='word_1_121' title='bbox 369 1967 553 2052; x_wconf 79' lang='grc' dir='ltr'>βούλονται</span> <span class='ocrx_word' id='word_1_122' title='bbox 585 1965 688 2048; x_wconf 77' lang='lat' dir='ltr'>edroi,</span> <span class='ocrx_word' id='word_1_123' title='bbox 711 1966 878 2063; x_wconf 87' lang='grc' dir='ltr'>ε’πίσαθρα</span> <span class='ocrx_word' id='word_1_124' title='bbox 901 1963 954 2034; x_wconf 87' lang='grc' dir='ltr'>καί</span> <span class='ocrx_word' id='word_1_125' title='bbox 982 1961 1103 2063; x_wconf 77' lang='grc' dir='ltr'>ἆθρανῆ</span> <span class='ocrx_word' id='word_1_126' title='bbox 1128 1964 1213 2047; x_wconf 76' lang='grc' dir='ltr'>ε’στι,</span> <span class='ocrx_word' id='word_1_127' title='bbox 1239 1959 1393 2059; x_wconf 82' lang='grc' dir='ltr'>τολμηρίι</span> 
     </span>
    </p>
   </div>
   <div class='ocr_carea' id='block_1_6' title="bbox 243 2074 1394 2402">
    <p class='ocr_par' dir='ltr' id='par_1_6' title="bbox 243 2074 1394 2402">
     <span class='ocr_line' id='line_1_16' title="bbox 245 2074 1394 2174; baseline -0.006 -25"><span class='ocrx_word' id='word_1_128' title='bbox 245 2077 279 2149; x_wconf 73' lang='lat' dir='ltr'>di</span> <span class='ocrx_word' id='word_1_129' title='bbox 296 2079 349 2148; x_wconf 79' lang='grc' dir='ltr'>καί</span> <span class='ocrx_word' id='word_1_130' title='bbox 368 2076 489 2161; x_wconf 77' lang='grc' dir='ltr'>ιἰναιθῆ,</span> <span class='ocrx_word' id='word_1_131' title='bbox 515 2075 579 2147; x_wconf 79' lang='grc' dir='ltr'>ὑπὸ</span> <span class='ocrx_word' id='word_1_132' title='bbox 598 2083 660 2148; x_wconf 77' lang='grc' dir='ltr'>τοῦ</span> <span class='ocrx_word' id='word_1_133' title='bbox 676 2077 816 2147; x_wconf 78' lang='grc' dir='ltr'>Σατανᾶ</span> <span class='ocrx_word' id='word_1_134' title='bbox 836 2077 1067 2160; x_wconf 79' lang='grc' dir='ltr'>ἐκπεμπόμενα</span> <span class='ocrx_word' id='word_1_135' title='bbox 1088 2074 1173 2174; x_wconf 83' lang='grc' dir='ltr'>πρὸς</span> <span class='ocrx_word' id='word_1_136' title='bbox 1189 2075 1394 2169; x_wconf 76' lang='grc' dir='ltr'>ἐξαπάτησεν</span> 
     </span>
     <span class='ocr_line' id='line_1_17' title="bbox 243 2184 1392 2286; baseline -0.004 -25"><span class='ocrx_word' id='word_1_137' title='bbox 243 2192 296 2261; x_wconf 84' lang='grc' dir='ltr'>καί</span> <span class='ocrx_word' id='word_1_138' title='bbox 324 2191 490 2262; x_wconf 86' lang='grc' dir='ltr'>ἆπιύλειαν</span> <span class='ocrx_word' id='word_1_139' title='bbox 518 2195 584 2261; x_wconf 79' lang='grc' dir='ltr'>τῶν</span> <span class='ocrx_word' id='word_1_140' title='bbox 612 2190 655 2273; x_wconf 71' lang='grc' dir='ltr'>μὴ</span> <span class='ocrx_word' id='word_1_141' title='bbox 681 2193 812 2261; x_wconf 84' lang='grc' dir='ltr'>εύτονον</span> <span class='ocrx_word' id='word_1_142' title='bbox 837 2189 897 2271; x_wconf 72' lang='grc' dir='ltr'>τὴν</span> <span class='ocrx_word' id='word_1_143' title='bbox 926 2189 1051 2273; x_wconf 91' lang='grc' dir='ltr'>πίστιν,</span> <span class='ocrx_word' id='word_1_144' title='bbox 1072 2189 1108 2273; x_wconf 72' lang='grc' dir='ltr'>ἢν</span> <span class='ocrx_word' id='word_1_145' title='bbox 1134 2189 1194 2259; x_wconf 77' lang='grc' dir='ltr'>ἀπ’</span> <span class='ocrx_word' id='word_1_146' title='bbox 1220 2189 1326 2286; x_wconf 80' lang='grc' dir='ltr'>ἇρχῆς</span> <span class='ocrx_word' id='word_1_147' title='bbox 1344 2184 1392 2257; x_wconf 73' lang='grc' dir='ltr'>διὰ</span> 
     </span>
     <span class='ocr_line' id='line_1_18' title="bbox 243 2303 996 2402; baseline -0.007 -27"><span class='ocrx_word' id='word_1_148' title='bbox 243 2312 300 2385; x_wconf 76' lang='grc' dir='ltr'>τῆς</span> <span class='ocrx_word' id='word_1_149' title='bbox 318 2304 489 2385; x_wconf 83' lang='grc' dir='ltr'>ε’κκλησίας</span> <span class='ocrx_word' id='word_1_150' title='bbox 514 2304 721 2402; x_wconf 79' lang='grc' dir='ltr'>παρέλαβον,</span> <span class='ocrx_word' id='word_1_151' title='bbox 740 2303 996 2400; x_wconf 88' lang='grc' dir='ltr'>φυλασσόντων.</span> 
     </span>
    </p>
   </div>
   <div class='ocr_carea' id='block_1_7' title="bbox 219 2447 1395 4024">
    <p class='ocr_par' dir='ltr' id='par_1_7' title="bbox 242 2447 1393 2635">
     <span class='ocr_line' id='line_1_19' title="bbox 243 2447 1393 2533; baseline -0.003 -21"><span class='ocrx_word' id='word_1_152' title='bbox 243 2450 329 2514; x_wconf 91' lang='lat' dir='ltr'>modi</span> <span class='ocrx_word' id='word_1_153' title='bbox 346 2451 466 2523; x_wconf 86' lang='lat' dir='ltr'>insano,</span> <span class='ocrx_word' id='word_1_154' title='bbox 486 2449 539 2533; x_wconf 91' lang='lat' dir='ltr'>qui</span> <span class='ocrx_word' id='word_1_155' title='bbox 563 2471 597 2512; x_wconf 89' lang='lat' dir='ltr'>se</span> <span class='ocrx_word' id='word_1_156' title='bbox 615 2448 752 2511; x_wconf 87' lang='lat' dir='ltr'>divinum</span> <span class='ocrx_word' id='word_1_157' title='bbox 768 2448 889 2533; x_wconf 88' lang='lat' dir='ltr'>spirare</span> <span class='ocrx_word' id='word_1_158' title='bbox 904 2447 1092 2512; x_wconf 76' lang='lat' dir='ltr'><strong>simulabat:</strong></span> <span class='ocrx_word' id='word_1_159' title='bbox 1116 2469 1175 2533; x_wconf 88' lang='lat' dir='ltr'>pro</span> <span class='ocrx_word' id='word_1_160' title='bbox 1192 2456 1283 2511; x_wconf 88' lang='lat' dir='ltr'>eerto</span> <span class='ocrx_word' id='word_1_161' title='bbox 1299 2447 1393 2511; x_wconf 89' lang='lat' dir='ltr'>seien-</span> 
     </span>
     <span class='ocr_line' id='line_1_20' title="bbox 242 2545 1392 2635; baseline -0.004 -21"><span class='ocrx_word' id='word_1_162' title='bbox 242 2558 302 2626; x_wconf 87' lang='lat' dir='ltr'>tes,</span> <span class='ocrx_word' id='word_1_163' title='bbox 321 2549 469 2635; x_wconf 87' lang='lat' dir='ltr'>queniam</span> <span class='ocrx_word' id='word_1_164' title='bbox 486 2547 678 2633; x_wconf 76' lang='lat' dir='ltr'>prophetare</span> <span class='ocrx_word' id='word_1_165' title='bbox 701 2569 763 2610; x_wconf 93' lang='lat' dir='ltr'>non</span> <span class='ocrx_word' id='word_1_166' title='bbox 788 2570 808 2612; x_wconf 85' lang='lat' dir='ltr'>a</span> <span class='ocrx_word' id='word_1_167' title='bbox 826 2547 939 2611; x_wconf 81' lang='lat' dir='ltr'>Marco</span> <span class='ocrx_word' id='word_1_168' title='bbox 956 2569 1050 2633; x_wconf 87' lang='lat' dir='ltr'>mago</span> <span class='ocrx_word' id='word_1_169' title='bbox 1067 2546 1190 2610; x_wconf 76' lang='lat' dir='ltr'>inditur</span> <span class='ocrx_word' id='word_1_170' title='bbox 1206 2545 1392 2619; x_wconf 88' lang='lat' dir='ltr'>hominibus,</span> 
     </span>
    </p>

    <p class='ocr_par' dir='ltr' id='par_1_8' title="bbox 219 2645 1395 4024">
     <span class='ocr_line' id='line_1_21' title="bbox 219 2645 1393 2733; baseline 0.002 -27"><span class='ocrx_word' id='word_1_171' title='bbox 219 2648 298 2712; x_wconf 86' lang='lat' dir='ltr'>sed</span> <span class='ocrx_word' id='word_1_172' title='bbox 316 2649 552 2733; x_wconf 80' lang='lat' dir='ltr'>quibuscunque</span> <span class='ocrx_word' id='word_1_173' title='bbox 571 2645 659 2708; x_wconf 90' lang='lat' dir='ltr'>Deus</span> <span class='ocrx_word' id='word_1_174' title='bbox 676 2646 812 2731; x_wconf 84' lang='lat' dir='ltr'>desuper</span> <span class='ocrx_word' id='word_1_175' title='bbox 833 2646 998 2710; x_wconf 81' lang='lat' dir='ltr'>immiserit</span> <span class='ocrx_word' id='word_1_176' title='bbox 1018 2647 1155 2732; x_wconf 84' lang='lat' dir='ltr'>gratiam</span> <span class='ocrx_word' id='word_1_177' title='bbox 1176 2668 1277 2717; x_wconf 79' lang='lat' dir='ltr'>suam,</span> <span class='ocrx_word' id='word_1_178' title='bbox 1306 2646 1353 2709; x_wconf 81' lang='lat' dir='ltr'>²hi</span> <span class='ocrx_word' id='word_1_179' title='bbox 1375 2667 1393 2708; x_wconf 92' lang='lat' dir='ltr'>a</span> 
     </span>
     <span class='ocr_line' id='line_1_22' title="bbox 243 2744 1393 2831; baseline -0.004 -21"><span class='ocrx_word' id='word_1_180' title='bbox 243 2745 314 2810; x_wconf 89' lang='lat' dir='ltr'>Dee</span> <span class='ocrx_word' id='word_1_181' title='bbox 325 2747 478 2810; x_wconf 78' lang='lat' dir='ltr'>traditam</span> <span class='ocrx_word' id='word_1_182' title='bbox 489 2746 608 2808; x_wconf 82' lang='lat' dir='ltr'>habent</span> <span class='ocrx_word' id='word_1_183' title='bbox 621 2745 869 2829; x_wconf 87' lang='lat' dir='ltr'>prophetiam,et</span> <span class='ocrx_word' id='word_1_184' title='bbox 881 2755 957 2810; x_wconf 90' lang='lat' dir='ltr'>tune</span> <span class='ocrx_word' id='word_1_185' title='bbox 968 2746 1141 2831; x_wconf 87' lang='lat' dir='ltr'>lequuntur</span> <span class='ocrx_word' id='word_1_186' title='bbox 1151 2744 1259 2820; x_wconf 85' lang='lat' dir='ltr'>ubi‚et</span> <span class='ocrx_word' id='word_1_187' title='bbox 1270 2745 1393 2831; x_wconf 90' lang='lat' dir='ltr'>quando</span> 
     </span>
     <span class='ocr_line' id='line_1_23' title="bbox 244 2844 1393 2930; baseline -0.001 -21"><span class='ocrx_word' id='word_1_188' title='bbox 244 2846 332 2909; x_wconf 88' lang='lat' dir='ltr'>Deus</span> <span class='ocrx_word' id='word_1_189' title='bbox 349 2845 437 2919; x_wconf 80' lang='lat' dir='ltr'>vult3</span> <span class='ocrx_word' id='word_1_190' title='bbox 457 2845 588 2908; x_wconf 90' lang='lat' dir='ltr'>sednon</span> <span class='ocrx_word' id='word_1_191' title='bbox 607 2845 732 2929; x_wconf 87' lang='lat' dir='ltr'>quando</span> <span class='ocrx_word' id='word_1_192' title='bbox 748 2845 879 2909; x_wconf 84' lang='lat' dir='ltr'>Marcus</span> <span class='ocrx_word' id='word_1_193' title='bbox 893 2845 994 2930; x_wconf 90' lang='lat' dir='ltr'>jubet.</span> <span class='ocrx_word' id='word_1_194' title='bbox 1035 2844 1129 2920; x_wconf 81' lang='lat' dir='ltr'>Quod</span> <span class='ocrx_word' id='word_1_195' title='bbox 1146 2845 1231 2909; x_wconf 88' lang='lat' dir='ltr'>enim</span> <span class='ocrx_word' id='word_1_196' title='bbox 1241 2846 1345 2929; x_wconf 87' lang='lat' dir='ltr'>jubet,</span> <span class='ocrx_word' id='word_1_197' title='bbox 1359 2866 1393 2908; x_wconf 90' lang='lat' dir='ltr'>eo</span> 
     </span>
     <span class='ocr_line' id='line_1_24' title="bbox 241 2944 1392 3031; baseline -0.003 -22"><span class='ocrx_word' id='word_1_198' title='bbox 241 2947 325 3031; x_wconf 89' lang='lat' dir='ltr'>quod</span> <span class='ocrx_word' id='word_1_199' title='bbox 340 2946 473 3031; x_wconf 89' lang='lat' dir='ltr'>jubetur</span> <span class='ocrx_word' id='word_1_200' title='bbox 482 2945 584 3030; x_wconf 90' lang='lat' dir='ltr'>majus</span> <span class='ocrx_word' id='word_1_201' title='bbox 597 2952 645 3007; x_wconf 90' lang='lat' dir='ltr'>est</span> <span class='ocrx_word' id='word_1_202' title='bbox 659 2951 692 3008; x_wconf 94' lang='lat' dir='ltr'>et</span> <span class='ocrx_word' id='word_1_203' title='bbox 706 2944 905 3009; x_wconf 88' lang='lat' dir='ltr'>dominatius.</span> <span class='ocrx_word' id='word_1_204' title='bbox 922 2944 1068 3029; x_wconf 83' lang='lat' dir='ltr'>quoniam</span> <span class='ocrx_word' id='word_1_205' title='bbox 1082 2944 1159 3009; x_wconf 91' lang='lat' dir='ltr'>illud</span> <span class='ocrx_word' id='word_1_206' title='bbox 1170 2944 1299 3030; x_wconf 83' lang='lat' dir='ltr'>quidem</span> <span class='ocrx_word' id='word_1_207' title='bbox 1312 2944 1392 3029; x_wconf 91' lang='lat' dir='ltr'>prin-</span> 
     </span>
     <span class='ocr_line' id='line_1_25' title="bbox 240 3044 1391 3130; baseline -0.003 -20"><span class='ocrx_word' id='word_1_208' title='bbox 240 3045 375 3130; x_wconf 78' lang='lat' dir='ltr'>cipatur,</span> <span class='ocrx_word' id='word_1_209' title='bbox 387 3045 463 3109; x_wconf 87' lang='lat' dir='ltr'>illud</span> <span class='ocrx_word' id='word_1_210' title='bbox 475 3051 583 3109; x_wconf 89' lang='lat' dir='ltr'>autem</span> <span class='ocrx_word' id='word_1_211' title='bbox 599 3045 776 3128; x_wconf 82' lang='lat' dir='ltr'>subjeetum</span> <span class='ocrx_word' id='word_1_212' title='bbox 791 3053 849 3113; x_wconf 89' lang='lat' dir='ltr'>est.</span> <span class='ocrx_word' id='word_1_213' title='bbox 878 3044 911 3108; x_wconf 89' lang='lat' dir='ltr'>Si</span> <span class='ocrx_word' id='word_1_214' title='bbox 926 3067 1001 3129; x_wconf 82' lang='lat' dir='ltr'>erge</span> <span class='ocrx_word' id='word_1_215' title='bbox 1014 3046 1139 3108; x_wconf 80' lang='lat' dir='ltr'>Marcus</span> <span class='ocrx_word' id='word_1_216' title='bbox 1152 3044 1282 3129; x_wconf 85' lang='lat' dir='ltr'>quidem</span> <span class='ocrx_word' id='word_1_217' title='bbox 1294 3044 1391 3130; x_wconf 90' lang='lat' dir='ltr'>jubet.</span> 
     </span>
     <span class='ocr_line' id='line_1_26' title="bbox 242 3143 1393 3231; baseline -0.002 -24"><span class='ocrx_word' id='word_1_218' title='bbox 242 3146 289 3208; x_wconf 88' lang='lat' dir='ltr'>vel</span> <span class='ocrx_word' id='word_1_219' title='bbox 307 3146 386 3210; x_wconf 86' lang='lat' dir='ltr'>alius</span> <span class='ocrx_word' id='word_1_220' title='bbox 404 3145 482 3231; x_wconf 85' lang='lat' dir='ltr'>quis,</span> <span class='ocrx_word' id='word_1_221' title='bbox 502 3145 584 3209; x_wconf 88' lang='lat' dir='ltr'>sieut</span> <span class='ocrx_word' id='word_1_222' title='bbox 601 3145 703 3208; x_wconf 82' lang='lat' dir='ltr'>solent</span> <span class='ocrx_word' id='word_1_223' title='bbox 721 3143 753 3206; x_wconf 94' lang='lat' dir='ltr'>in</span> <span class='ocrx_word' id='word_1_224' title='bbox 771 3144 869 3208; x_wconf 83' lang='lat' dir='ltr'>coenis</span> <span class='ocrx_word' id='word_1_225' title='bbox 888 3143 1027 3208; x_wconf 90' lang='lat' dir='ltr'>sortibus</span> <span class='ocrx_word' id='word_1_226' title='bbox 1042 3143 1074 3206; x_wconf 93' lang='lat' dir='ltr'>hi</span> <span class='ocrx_word' id='word_1_227' title='bbox 1092 3165 1200 3207; x_wconf 90' lang='lat' dir='ltr'>omnes</span> <span class='ocrx_word' id='word_1_228' title='bbox 1225 3143 1346 3220; x_wconf 81' lang='lat' dir='ltr'>ludere,</span> <span class='ocrx_word' id='word_1_229' title='bbox 1362 3151 1393 3206; x_wconf 91' lang='lat' dir='ltr'>et</span> 
     </span>
     <span class='ocr_line' id='line_1_27' title="bbox 241 3243 1394 3329; baseline -0.002 -22"><span class='ocrx_word' id='word_1_230' title='bbox 241 3245 443 3329; x_wconf 86' lang='lat' dir='ltr'>sibimetipsis</span> <span class='ocrx_word' id='word_1_231' title='bbox 458 3244 589 3309; x_wconf 78' lang='lat' dir='ltr'>invicem</span> <span class='ocrx_word' id='word_1_232' title='bbox 612 3245 769 3329; x_wconf 86' lang='lat' dir='ltr'>imperare</span> <span class='ocrx_word' id='word_1_233' title='bbox 792 3250 829 3307; x_wconf 93' lang='lat' dir='ltr'>ut</span> <span class='ocrx_word' id='word_1_234' title='bbox 850 3243 1051 3328; x_wconf 85' lang='lat' dir='ltr'>prophetent,</span> <span class='ocrx_word' id='word_1_235' title='bbox 1078 3250 1111 3308; x_wconf 89' lang='lat' dir='ltr'>et</span> <span class='ocrx_word' id='word_1_236' title='bbox 1134 3244 1308 3307; x_wconf 85' lang='lat' dir='ltr'>secundum</span> <span class='ocrx_word' id='word_1_237' title='bbox 1326 3263 1394 3306; x_wconf 84' lang='lat' dir='ltr'>suas</span> 
     </span>
     <span class='ocr_line' id='line_1_28' title="bbox 242 3341 1394 3429; baseline -0.003 -22"><span class='ocrx_word' id='word_1_238' title='bbox 242 3344 510 3429; x_wconf 77' lang='lat' dir='ltr'>concupiscentias</span> <span class='ocrx_word' id='word_1_239' title='bbox 528 3367 580 3406; x_wconf 89' lang='lat' dir='ltr'>eos</span> <span class='ocrx_word' id='word_1_240' title='bbox 596 3343 655 3407; x_wconf 89' lang='lat' dir='ltr'>sibi</span> <span class='ocrx_word' id='word_1_241' title='bbox 674 3343 874 3428; x_wconf 81' lang='lat' dir='ltr'>prophetare,</span> <span class='ocrx_word' id='word_1_242' title='bbox 894 3342 956 3407; x_wconf 89' lang='lat' dir='ltr'>erit</span> <span class='ocrx_word' id='word_1_243' title='bbox 973 3343 1024 3406; x_wconf 89' lang='lat' dir='ltr'>ille</span> <span class='ocrx_word' id='word_1_244' title='bbox 1044 3343 1097 3428; x_wconf 90' lang='lat' dir='ltr'>qui</span> <span class='ocrx_word' id='word_1_245' title='bbox 1119 3343 1213 3428; x_wconf 88' lang='lat' dir='ltr'>jubet</span> <span class='ocrx_word' id='word_1_246' title='bbox 1237 3351 1271 3406; x_wconf 89' lang='lat' dir='ltr'>et</span> <span class='ocrx_word' id='word_1_247' title='bbox 1296 3341 1394 3427; x_wconf 90' lang='lat' dir='ltr'>major</span> 
     </span>
     <span class='ocr_line' id='line_1_29' title="bbox 241 3441 1395 3527; baseline -0.001 -21"><span class='ocrx_word' id='word_1_248' title='bbox 241 3452 274 3506; x_wconf 87' lang='lat' dir='ltr'>ot</span> <span class='ocrx_word' id='word_1_249' title='bbox 293 3443 487 3507; x_wconf 90' lang='lat' dir='ltr'>dominatior</span> <span class='ocrx_word' id='word_1_250' title='bbox 503 3441 690 3526; x_wconf 80' lang='lat' dir='ltr'>prophetico</span> <span class='ocrx_word' id='word_1_251' title='bbox 707 3443 830 3527; x_wconf 89' lang='lat' dir='ltr'>spiritu,</span> <span class='ocrx_word' id='word_1_252' title='bbox 847 3465 917 3507; x_wconf 90' lang='lat' dir='ltr'>eum</span> <span class='ocrx_word' id='word_1_253' title='bbox 935 3442 977 3506; x_wconf 90' lang='lat' dir='ltr'>sit</span> <span class='ocrx_word' id='word_1_254' title='bbox 994 3442 1098 3518; x_wconf 78' lang='lat' dir='ltr'>home,</span> <span class='ocrx_word' id='word_1_255' title='bbox 1117 3442 1202 3527; x_wconf 91' lang='lat' dir='ltr'>qued</span> <span class='ocrx_word' id='word_1_256' title='bbox 1215 3449 1265 3506; x_wconf 85' lang='lat' dir='ltr'>est</span> <span class='ocrx_word' id='word_1_257' title='bbox 1283 3442 1395 3527; x_wconf 86' lang='lat' dir='ltr'>impos-</span> 
     </span>
     <span class='ocr_line' id='line_1_30' title="bbox 241 3540 1394 3627; baseline -0.001 -24"><span class='ocrx_word' id='word_1_258' title='bbox 241 3541 338 3604; x_wconf 89' lang='lat' dir='ltr'>sibile.</span> <span class='ocrx_word' id='word_1_259' title='bbox 393 3540 458 3604; x_wconf 85' lang='lat' dir='ltr'>Sed</span> <span class='ocrx_word' id='word_1_260' title='bbox 485 3542 565 3605; x_wconf 88' lang='lat' dir='ltr'>tales</span> <span class='ocrx_word' id='word_1_261' title='bbox 598 3540 723 3626; x_wconf 89' lang='lat' dir='ltr'>quidem</span> <span class='ocrx_word' id='word_1_262' title='bbox 755 3543 808 3626; x_wconf 91' lang='lat' dir='ltr'>qui</span> <span class='ocrx_word' id='word_1_263' title='bbox 838 3543 992 3627; x_wconf 88' lang='lat' dir='ltr'>jubentur</span> <span class='ocrx_word' id='word_1_264' title='bbox 1022 3542 1063 3606; x_wconf 89' lang='lat' dir='ltr'>ab</span> <span class='ocrx_word' id='word_1_265' title='bbox 1089 3542 1164 3626; x_wconf 90' lang='lat' dir='ltr'>ipsis</span> <span class='ocrx_word' id='word_1_266' title='bbox 1193 3541 1337 3626; x_wconf 75' lang='lat' dir='ltr'>spiritus,</span> <span class='ocrx_word' id='word_1_267' title='bbox 1363 3547 1394 3603; x_wconf 91' lang='lat' dir='ltr'>et</span> 
     </span>
     <span class='ocr_line' id='line_1_31' title="bbox 241 3639 1394 3726; baseline 0.002 -24"><span class='ocrx_word' id='word_1_268' title='bbox 241 3639 416 3725; x_wconf 86' lang='lat' dir='ltr'>loquuntur</span> <span class='ocrx_word' id='word_1_269' title='bbox 431 3641 558 3726; x_wconf 88' lang='lat' dir='ltr'>quando</span> <span class='ocrx_word' id='word_1_270' title='bbox 579 3641 688 3704; x_wconf 89' lang='lat' dir='ltr'>volunt</span> <span class='ocrx_word' id='word_1_271' title='bbox 717 3640 785 3725; x_wconf 88' lang='lat' dir='ltr'>ipsi,</span> <span class='ocrx_word' id='word_1_272' title='bbox 805 3640 924 3705; x_wconf 88' lang='lat' dir='ltr'>terreni</span> <span class='ocrx_word' id='word_1_273' title='bbox 953 3650 986 3705; x_wconf 90' lang='lat' dir='ltr'>et</span> <span class='ocrx_word' id='word_1_274' title='bbox 1007 3640 1123 3705; x_wconf 91' lang='lat' dir='ltr'>infirmi</span> <span class='ocrx_word' id='word_1_275' title='bbox 1147 3650 1232 3706; x_wconf 90' lang='lat' dir='ltr'>sunt.</span> <span class='ocrx_word' id='word_1_276' title='bbox 1261 3641 1394 3705; x_wconf 77' lang='lat' dir='ltr'>audaces</span> 
     </span>
     <span class='ocr_line' id='line_1_32' title="bbox 240 3739 1394 3826; baseline -0.001 -23"><span class='ocrx_word' id='word_1_277' title='bbox 240 3749 348 3803; x_wconf 88' lang='lat' dir='ltr'>autem</span> <span class='ocrx_word' id='word_1_278' title='bbox 366 3748 399 3804; x_wconf 89' lang='lat' dir='ltr'>et</span> <span class='ocrx_word' id='word_1_279' title='bbox 416 3741 625 3825; x_wconf 82' lang='lat' dir='ltr'>impudentes,</span> <span class='ocrx_word' id='word_1_280' title='bbox 643 3762 662 3804; x_wconf 87' lang='lat' dir='ltr'>a</span> <span class='ocrx_word' id='word_1_281' title='bbox 679 3740 800 3804; x_wconf 89' lang='lat' dir='ltr'>Satana</span> <span class='ocrx_word' id='word_1_282' title='bbox 815 3739 943 3804; x_wconf 83' lang='lat' dir='ltr'>immissi</span> <span class='ocrx_word' id='word_1_283' title='bbox 960 3742 1000 3804; x_wconf 88' lang='lat' dir='ltr'>ad</span> <span class='ocrx_word' id='word_1_284' title='bbox 1013 3741 1230 3805; x_wconf 83' lang='lat' dir='ltr'>seductionem</span> <span class='ocrx_word' id='word_1_285' title='bbox 1248 3749 1282 3806; x_wconf 89' lang='lat' dir='ltr'>et</span> <span class='ocrx_word' id='word_1_286' title='bbox 1295 3740 1394 3826; x_wconf 92' lang='lat' dir='ltr'>perdi-</span> 
     </span>
     <span class='ocr_line' id='line_1_33' title="bbox 240 3840 1394 3926; baseline -0.001 -23"><span class='ocrx_word' id='word_1_287' title='bbox 240 3840 359 3904; x_wconf 89' lang='lat' dir='ltr'>tionem</span> <span class='ocrx_word' id='word_1_288' title='bbox 376 3861 494 3903; x_wconf 88' lang='lat' dir='ltr'>eorum.</span> <span class='ocrx_word' id='word_1_289' title='bbox 514 3840 567 3925; x_wconf 88' lang='lat' dir='ltr'>qui</span> <span class='ocrx_word' id='word_1_290' title='bbox 591 3861 654 3902; x_wconf 91' lang='lat' dir='ltr'>non</span> <span class='ocrx_word' id='word_1_291' title='bbox 673 3840 796 3903; x_wconf 86' lang='lat' dir='ltr'>firmam</span> <span class='ocrx_word' id='word_1_292' title='bbox 820 3840 926 3915; x_wconf 87' lang='lat' dir='ltr'>fidem,</span> <span class='ocrx_word' id='word_1_293' title='bbox 946 3863 1040 3925; x_wconf 88' lang='lat' dir='ltr'>quam</span> <span class='ocrx_word' id='word_1_294' title='bbox 1058 3843 1099 3906; x_wconf 91' lang='lat' dir='ltr'>ab</span> <span class='ocrx_word' id='word_1_295' title='bbox 1116 3840 1208 3904; x_wconf 91' lang='lat' dir='ltr'>initio</span> <span class='ocrx_word' id='word_1_296' title='bbox 1225 3862 1285 3926; x_wconf 85' lang='lat' dir='ltr'>per</span> <span class='ocrx_word' id='word_1_297' title='bbox 1302 3840 1394 3904; x_wconf 86' lang='lat' dir='ltr'>eoele-</span> 
     </span>
     <span class='ocr_line' id='line_1_34' title="bbox 238 3939 741 4024; baseline -0.01 -21"><span class='ocrx_word' id='word_1_298' title='bbox 238 3940 317 4003; x_wconf 85' lang='lat' dir='ltr'>siam</span> <span class='ocrx_word' id='word_1_299' title='bbox 333 3948 533 4024; x_wconf 81' lang='lat' dir='ltr'>aeceperunt,</span> <span class='ocrx_word' id='word_1_300' title='bbox 551 3939 741 4004; x_wconf 81' lang='lat' dir='ltr'>custodiunt.</span> 
     </span>
    </p>
   </div>
   <div class='ocr_carea' id='block_1_8' title="bbox 239 4063 1395 4536">
    <p class='ocr_par' dir='ltr' id='par_1_9' title="bbox 239 4063 1395 4536">
     <span class='ocr_line' id='line_1_35' title="bbox 288 4063 1395 4131; baseline 0 -19"><span class='ocrx_word' id='word_1_301' title='bbox 288 4064 297 4096; x_wconf 90' lang='lat'>¹</span> <span class='ocrx_word' id='word_1_302' title='bbox 317 4066 396 4112; x_wconf 73' lang='lat' dir='ltr'>“&#39;Ett</span> <span class='ocrx_word' id='word_1_303' title='bbox 409 4066 457 4114; x_wconf 80' lang='grc' dir='ltr'>τοῖς</span> <span class='ocrx_word' id='word_1_304' title='bbox 469 4067 569 4113; x_wconf 79' lang='grc' dir='ltr'>δείπνοις</span> <span class='ocrx_word' id='word_1_305' title='bbox 580 4067 622 4112; x_wconf 83' lang='grc' dir='ltr'>τοῦ</span> <span class='ocrx_word' id='word_1_306' title='bbox 634 4067 722 4126; x_wconf 78' lang='grc' dir='ltr'>κλήρου</span> <span class='ocrx_word' id='word_1_307' title='bbox 733 4063 798 4114; x_wconf 73' lang='grc' dir='ltr'>οὗτοι</span> <span class='ocrx_word' id='word_1_308' title='bbox 844 4072 938 4131; x_wconf 79' lang='lat' dir='ltr'>gerent.</span> <span class='ocrx_word' id='word_1_309' title='bbox 950 4067 992 4116; x_wconf 74' lang='lat' dir='ltr'>Pr.</span> <span class='ocrx_word' id='word_1_310' title='bbox 1004 4068 1035 4116; x_wconf 89' lang='lat' dir='ltr'>D.</span> <span class='ocrx_word' id='word_1_311' title='bbox 1054 4066 1163 4115; x_wconf 87' lang='lat' dir='ltr'>Videtur</span> <span class='ocrx_word' id='word_1_312' title='bbox 1171 4072 1257 4114; x_wconf 89' lang='lat' dir='ltr'>autern</span> <span class='ocrx_word' id='word_1_313' title='bbox 1269 4066 1395 4130; x_wconf 76' lang='lat' dir='ltr'>Interprts</span> 
     </span>
     <span class='ocr_line' id='line_1_36' title="bbox 240 4144 1395 4212; baseline 0.001 -18"><span class='ocrx_word' id='word_1_314' title='bbox 240 4149 345 4195; x_wconf 77' lang='grc' dir='ltr'>πάντοτε</span> <span class='ocrx_word' id='word_1_315' title='bbox 363 4145 467 4209; x_wconf 66' lang='grc' dir='ltr'>παίζειν]</span> <span class='ocrx_word' id='word_1_316' title='bbox 489 4145 538 4194; x_wconf 76' lang='lat' dir='ltr'>11ae</span> <span class='ocrx_word' id='word_1_317' title='bbox 558 4161 642 4204; x_wconf 83' lang='lat' dir='ltr'>ooeuae,</span> <span class='ocrx_word' id='word_1_318' title='bbox 662 4147 688 4194; x_wconf 91' lang='lat' dir='ltr'>in</span> <span class='ocrx_word' id='word_1_319' title='bbox 707 4147 797 4210; x_wconf 88' lang='lat' dir='ltr'>quibus</span> <span class='ocrx_word' id='word_1_320' title='bbox 843 4150 883 4197; x_wconf 89' lang='lat' dir='ltr'>hie</span> <span class='ocrx_word' id='word_1_321' title='bbox 903 4150 1005 4212; x_wconf 77' lang='lat' dir='ltr'>legisse:</span> <span class='ocrx_word' id='word_1_322' title='bbox 1030 4151 1084 4198; x_wconf 78' lang='grc' dir='ltr'>τούς</span> <span class='ocrx_word' id='word_1_323' title='bbox 1100 4150 1200 4209; x_wconf 77' lang='grc' dir='ltr'>κλήρους</span> <span class='ocrx_word' id='word_1_324' title='bbox 1223 4144 1291 4197; x_wconf 78' lang='grc' dir='ltr'>οὗτοι</span> <span class='ocrx_word' id='word_1_325' title='bbox 1311 4149 1395 4195; x_wconf 73' lang='grc' dir='ltr'>πάντες</span> 
     </span>
     <span class='ocr_line' id='line_1_37' title="bbox 239 4228 1097 4287; baseline 0 -10"><span class='ocrx_word' id='word_1_326' title='bbox 239 4230 347 4278; x_wconf 90' lang='lat' dir='ltr'>sortibus</span> <span class='ocrx_word' id='word_1_327' title='bbox 364 4229 507 4287; x_wconf 89' lang='lat' dir='ltr'>utebantur,</span> <span class='ocrx_word' id='word_1_328' title='bbox 521 4228 546 4275; x_wconf 89' lang='lat' dir='ltr'>in</span> <span class='ocrx_word' id='word_1_329' title='bbox 564 4229 707 4276; x_wconf 83' lang='lat' dir='ltr'>memoriam</span> <span class='ocrx_word' id='word_1_330' title='bbox 725 4229 796 4277; x_wconf 90' lang='lat' dir='ltr'>nobis</span> <span class='ocrx_word' id='word_1_331' title='bbox 844 4229 959 4287; x_wconf 68' lang='grc' dir='ltr'>παίζειν.”</span> <span class='ocrx_word' id='word_1_332' title='bbox 994 4228 1097 4278; x_wconf 78' lang='lat' dir='ltr'>Gaunu.</span> 
     </span>
     <span class='ocr_line' id='line_1_38' title="bbox 239 4307 1395 4373; baseline -0.004 -14"><span class='ocrx_word' id='word_1_333' title='bbox 239 4316 357 4359; x_wconf 82' lang='lat' dir='ltr'>revocant</span> <span class='ocrx_word' id='word_1_334' title='bbox 368 4310 410 4358; x_wconf 84' lang='lat' dir='ltr'>illa</span> <span class='ocrx_word' id='word_1_335' title='bbox 420 4309 487 4373; x_wconf 89' lang='lat' dir='ltr'>apud</span> <span class='ocrx_word' id='word_1_336' title='bbox 499 4308 650 4356; x_wconf 83' lang='lat' dir='ltr'>Horatium:</span> <span class='ocrx_word' id='word_1_337' title='bbox 891 4307 1047 4357; x_wconf 72' lang='lat' dir='ltr'>&#39;Massuur</span> <span class='ocrx_word' id='word_1_338' title='bbox 1069 4311 1144 4358; x_wconf 91' lang='lat' dir='ltr'>omits</span> <span class='ocrx_word' id='word_1_339' title='bbox 1162 4315 1190 4357; x_wconf 88' lang='lat' dir='ltr'>to</span> <span class='ocrx_word' id='word_1_340' title='bbox 1212 4309 1321 4368; x_wconf 86' lang='lat' dir='ltr'>remark,</span> <span class='ocrx_word' id='word_1_341' title='bbox 1341 4308 1395 4356; x_wconf 78' lang='lat' dir='ltr'>that</span> 
     </span>
     <span class='ocr_line' id='line_1_39' title="bbox 296 4389 1395 4455; baseline -0.005 -13"><span class='ocrx_word' id='word_1_342' title='bbox 296 4395 345 4442; x_wconf 85' lang='lat' dir='ltr'>Nee</span> <span class='ocrx_word' id='word_1_343' title='bbox 356 4410 431 4455; x_wconf 63' lang='lat' dir='ltr'>regma</span> <span class='ocrx_word' id='word_1_344' title='bbox 442 4391 494 4440; x_wconf 79' lang='lat' dir='ltr'>vini</span> <span class='ocrx_word' id='word_1_345' title='bbox 504 4391 599 4439; x_wconf 77' lang='lat' dir='ltr'>sortiere</span> <span class='ocrx_word' id='word_1_346' title='bbox 610 4390 683 4447; x_wconf 54' lang='lat' dir='ltr'>tetm-</span> <span class='ocrx_word' id='word_1_347' title='bbox 700 4396 733 4449; x_wconf 88' lang='lat' dir='ltr'>et,</span> <span class='ocrx_word' id='word_1_348' title='bbox 840 4391 883 4439; x_wconf 83' lang='lat' dir='ltr'>the</span> <span class='ocrx_word' id='word_1_349' title='bbox 895 4391 995 4440; x_wconf 76' lang='lat' dir='ltr'>Cannu.</span> <span class='ocrx_word' id='word_1_350' title='bbox 1009 4392 1067 4441; x_wconf 89' lang='lat' dir='ltr'>MS.</span> <span class='ocrx_word' id='word_1_351' title='bbox 1082 4393 1126 4440; x_wconf 79' lang='lat' dir='ltr'>has</span> <span class='ocrx_word' id='word_1_352' title='bbox 1137 4391 1165 4439; x_wconf 75' lang='lat' dir='ltr'>ti</span> <span class='ocrx_word' id='word_1_353' title='bbox 1175 4408 1192 4439; x_wconf 88' lang='grc' dir='ltr'>ο</span> <span class='ocrx_word' id='word_1_354' title='bbox 1203 4391 1263 4450; x_wconf 83' lang='lat' dir='ltr'>Deo,</span> <span class='ocrx_word' id='word_1_355' title='bbox 1276 4390 1320 4439; x_wconf 90' lang='lat' dir='ltr'>the</span> <span class='ocrx_word' id='word_1_356' title='bbox 1329 4389 1395 4437; x_wconf 86' lang='lat' dir='ltr'>older</span> 
     </span>
     <span class='ocr_line' id='line_1_40' title="bbox 273 4470 1392 4536; baseline -0.003 -13"><span class='ocrx_word' id='word_1_357' title='bbox 273 4475 346 4533; x_wconf 64' lang='lat' dir='ltr'>ouem</span> <span class='ocrx_word' id='word_1_358' title='bbox 364 4475 441 4524; x_wconf 75' lang='lat' dir='ltr'>Venus</span> <span class='ocrx_word' id='word_1_359' title='bbox 451 4473 571 4522; x_wconf 77' lang='lat' dir='ltr'>arbitrum</span> <span class='ocrx_word' id='word_1_360' title='bbox 583 4471 651 4521; x_wconf 77' lang='lat' dir='ltr'>Dicet</span> <span class='ocrx_word' id='word_1_361' title='bbox 662 4472 776 4520; x_wconf 70' lang='lat' dir='ltr'>biberula&#39;?</span> <span class='ocrx_word' id='word_1_362' title='bbox 839 4472 945 4521; x_wconf 82' lang='lat' dir='ltr'>editions</span> <span class='ocrx_word' id='word_1_363' title='bbox 956 4473 1059 4536; x_wconf 79' lang='lat' dir='ltr'>reading</span> <span class='ocrx_word' id='word_1_364' title='bbox 1073 4473 1133 4521; x_wconf 91' lang='lat' dir='ltr'>with</span> <span class='ocrx_word' id='word_1_365' title='bbox 1149 4473 1193 4521; x_wconf 90' lang='lat' dir='ltr'>the</span> <span class='ocrx_word' id='word_1_366' title='bbox 1210 4473 1318 4521; x_wconf 69' lang='lat' dir='ltr'>haurn.</span> <span class='ocrx_word' id='word_1_367' title='bbox 1336 4470 1392 4520; x_wconf 78' lang='lat' dir='ltr'>MS.</span> 
     </span>
    </p>
   </div>
   <div class='ocr_carea' id='block_1_9' title="bbox 239 4553 951 4620">
    <p class='ocr_par' dir='ltr' id='par_1_10' title="bbox 239 4553 951 4620">
     <span class='ocr_line' id='line_1_41' title="bbox 239 4553 951 4620; baseline -0.006 -16"><span class='ocrx_word' id='word_1_368' title='bbox 239 4570 294 4604; x_wconf 85' lang='lat' dir='ltr'>oum</span> <span class='ocrx_word' id='word_1_369' title='bbox 312 4557 503 4620; x_wconf 82' lang='lat' dir='ltr'>modiperateres</span> <span class='ocrx_word' id='word_1_370' title='bbox 520 4556 627 4604; x_wconf 73' lang='lat' dir='ltr'>talorum</span> <span class='ocrx_word' id='word_1_371' title='bbox 641 4554 713 4617; x_wconf 84' lang='lat' dir='ltr'>jactu</span> <span class='ocrx_word' id='word_1_372' title='bbox 732 4553 790 4602; x_wconf 83' lang='lat' dir='ltr'>‹leli-</span> <span class='ocrx_word' id='word_1_373' title='bbox 839 4553 866 4601; x_wconf 71' lang='lat' dir='ltr'>a·</span> <span class='ocrx_word' id='word_1_374' title='bbox 877 4554 907 4602; x_wconf 84' lang='lat' dir='ltr'>ab</span> <span class='ocrx_word' id='word_1_375' title='bbox 918 4570 951 4601; x_wconf 83' lang='grc' dir='ltr'>ιο.</span> 
     </span>
    </p>
   </div>
   <div class='ocr_carea' id='block_1_10' title="bbox 0 0 1482 4986">
    <p class='ocr_par' dir='ltr' id='par_1_11' title="bbox 0 0 1482 4986">
     <span class='ocr_line' id='line_1_42' title="bbox 0 0 1482 4986; baseline 0 0"><span class='ocrx_word' id='word_1_376' title='bbox 0 0 1482 4986; x_wconf 95' lang='lat' dir='ltr'> </span> 
     </span>
    </p>
   </div>
  </div>
 </body>
</html>
