2954 4986
525 371 817 423 rnsrnorronas.
1176 357 1239 423 107

89 529 207 600 ἔπειτα
227 531 425 614 ἀνεννόητον,
439 530 500 611 τῆν
515 528 549 600 δὲ
568 531 640 628 τρῖ-
692 584 851 600 ·····
882 529 1050 627 τετάρτην
1084 532 1240 629 ἀόρατον·
1261 543 1396 628 norpppp

1254 637 1404 676 MASSMM.

88 672 151 721 την
175 640 330 739 άρῥητον,
353 642 405 711 καὶ
433 642 493 724 τῆν
518 640 641 739 τετάρ-
692 643 762 713 Kal
786 645 819 712 ἐκ
841 641 900 726 μὲν
921 651 979 725 τῆς
1003 645 1135 741 πρώτης
1159 674 1243 741 προ·
1257 713 1406 722 *-

88 784 151 832 την
176 754 333 852 ἀόρατον·
360 755 412 824 καὶ
442 756 475 824 εἰς
500 753 559 838 μὲν
582 762 640 836 τῆς
692 764 795 853 αρχῆς
826 757 1088 854 προβεβλῆσθαι
1119 757 1242 854 πρώτῳ

90 866 225 962 πρώτης
277 867 463 965 Προαρχῆς
512 868 641 965 προβε-
691 869 744 937 καὶ
775 869 918 957 πέμπτῳ
942 869 1038 957 τόπῳ
1064 869 1180 966 ἀρχήν·
1208 869 1242 938 ἐκ

89 978 241 1062 βλῆσθαι
271 981 392 1075 πρώτῳ
417 979 469 1048 καὶ
497 979 640 1068 πέμπτῳ
693 977 727 1048 δὲ
764 987 822 1062 τῆς
857 981 1056 1063 ἀνεννοήτου,
1103 978 1242 1078 δευτέρῳ

92 1142 100 1156 .
129 1142 137 1157 .
167 1143 176 1158 .
205 1087 640 1196 ἀρχῆν,ε’κδὲτῆς’[ἆρχῆς
691 1091 743 1161 καὶ
765 1090 851 1181 ἕκτῳ
874 1089 1125 1173 ἀκατάληπτον·
1153 1093 1187 1161 ἐκ
1207 1089 1242 1160 δὲ

90 1195 169 1305 τῆς]
200 1203 389 1286 ἀνεννοήτου
418 1201 556 1300 δευτέρῳ
587 1203 639 1273 καὶ
691 1206 749 1285 τῆς
769 1204 914 1301 ἇῤῥῆτου
935 1204 1040 1303 τρίτῳ
1065 1205 1118 1273 καὶ
1144 1202 1242 1290 ἕβδό-

89 1314 173 1403 ἕκτῳ
203 1318 298 1405 τόπῳ
335 1316 585 1399 ἀκατάληπτον,
606 1317 640 1384 ἐκ
690 1346 740 1405 ιιῳ
757 1317 862 1406 τόπῳ,
884 1317 1123 1400 ἀνονόμαστον·
1150 1313 1241 1385 ἐκδὲ

88 1423 124 1494 δὲ
162 1435 220 1508 τῆς
263 1431 409 1524 άῤῥῆτου
446 1428 551 1526 τρίτῳ
586 1427 639 1497 καὶ
691 1431 749 1509 τῆς
769 1426 924 1526 ἀοράτου,
946 1429 1135 1519 ἀγέννητον,
1156 1433 1241 1510 πλῆ-

90 1536 223 1628 ἔβδόμῳ
265 1541 360 1628 τόπῳ
399 1541 639 1623 ἀνονάμαστον,
689 1571 783 1637 ρωμα
812 1550 870 1623 τῆς
904 1543 1034 1639 πρώτης
1067 1538 1239 1632 ὀγδοάδος.

88 1652 123 1720 ἐκ
154 1649 189 1719 δὲ
206 1659 264 1732 τῆς
284 1650 432 1749 ἀοράτου
451 1653 637 1744 ἀγέννητον,
690 1652 826 1729 Ταύτας
849 1655 1031 1740 βούλονται
1060 1650 1121 1728 τάς
1151 1651 1241 1723 δυνά-

88 1767 254 1860 πλῆρωμα
279 1772 336 1845 τῆς
358 1766 490 1861 πρώτης
517 1762 639 1855 ὄγδοά·
689 1795 757 1844 μεις
787 1764 1015 1862 προϋπάρχειν
1044 1771 1106 1835 τοῦ
1128 1765 1241 1835 Βυθοῦ

89 1873 154 1950 doc.
202 1875 337 1952 Ταύτας
363 1878 546 1963 βούλονται
577 1874 638 1952 τάς
689 1877 742 1946 καὶ
763 1885 821 1958 τῆς
842 1872 989 1983 [Σι]γῆς
1015 1929 1023 1946 .
1049 1929 1057 1945 .
1081 1929 1121 1946 ..
1153 1929 1160 1944 .
1192 1929 1200 1945 .
1231 1930 1239 1946 .

90 1985 235 2069 δυνάμεις
291 1987 519 2086 προϋπάρχειν
576 1994 639 2059 τοῦ

89 2099 204 2169 Βυθοῦ
223 2100 276 2169 καὶ
293 2108 351 2182 τῆς
374 2101 486 2191 Σιγῆς,
505 2102 557 2171 ἰ’να
583 2101 717 2171 τελείων
740 2101 943 2198 τελειότερον
965 2106 1114 2199 φανῶσιν
1141 2102 1240 2184 ὄντες,

88 2211 143 2280 καὶ
178 2211 372 2282 Γνωστικῶν
407 2214 686 2310 γνωστικώτεροι·
736 2211 819 2308 πρδς
858 2211 909 2289 οὓς
945 2212 1068 2291 δικαίως
1104 2211 1143 2283 ἀν
1191 2245 1242 2290 τις

88 2324 332 2420 ἐπιφωνήσειεν·
368 2327 397 2396 al
422 2326 608 2423 ληρολόγοι
636 2325 816 2422 σοφισταί.
853 2324 923 2395 Καὶ
948 2323 1016 2423 γάρ
1041 2327 1117 2424 περὶ
1140 2326 1242 2396 αὑτοῦ

87 2478 204 2542 deiude
223 2481 439 2552 huennocton
457 2479 587 2545 tertiam
604 2486 712 2544 autem
725 2479 901 2555 Arrheton‚
919 2487 953 2545 et
971 2488 1117 2566 quartam
1138 2482 1241 2546 Acra-

87 2588 156 2642 ton.
209 2577 254 2643 Et
279 2580 319 2642 de
346 2581 448 2664 prima
476 2579 602 2664 quidem
628 2578 788 2643 Proarche
814 2578 960 2643 emissum
986 2602 1054 2644 esse
1079 2581 1181 2664 primo
1206 2588 1241 2645 et

87 2677 200 2761 quinto
216 2678 286 2742 loco
302 2679 441 2753 Archon,
460 2702 500 2743 cx
520 2681 711 2742 Anennorlto
728 2679 866 2742 secundo
884 2687 917 2744 et
934 2688 1025 2744 sexto
1038 2680 1107 2744 loco
1120 2680 1239 2745 Acata·

85 2776 206 2861 lepton‚
226 2788 259 2842 ct
277 2779 316 2841 de
333 2778 476 2844 Arrheto
494 2792 601 2842 autem
624 2778 722 2842 tertio
743 2786 776 2842 et
802 2779 937 2863 septimo
954 2780 1023 2843 loco
1041 2780 1239 2844 Anonomas·

86 2885 155 2949 ton,
174 2877 213 2941 de
227 2879 348 2943 dorato
360 2887 468 2942 autem
484 2885 599 2964 quarto
612 2884 646 2941 et
663 2886 775 2941 octavo
792 2878 861 2942 loco
875 2879 1076 2963 Agenueton‚
1091 2879 1239 2943 Pleroma

85 2974 148 3039 hoo
169 2977 280 3060 primae
301 2978 462 3063 ogdoadis.
516 2977 585 3040 Has
607 2977 717 3040 volunt
739 2976 870 3040 virtutes
896 2977 989 3041 luisse
1014 2986 1090 3041 ante
1109 2977 1239 3062 Bython

87 3083 121 3138 et
140 3074 246 3161 Sigen,
264 3085 301 3141 ut
318 3077 531 3162 perlectorum
545 3075 748 3160 perfectiores
765 3086 950 3159 appareant,
967 3083 1000 3139 et
1014 3075 1239 3139 Gnosticorum

85 3175 188 3260 magis
197 3177 333 3262 gnostici
346 3177 411 3241 veri
428 3176 467 3270 [l.
480 3167 569 3260 viri]
582 3175 623 3239 ad
638 3197 716 3259 quos
730 3174 817 3258 juste
835 3173 904 3258 quis
918 3174 977 3238 hoc
994 3173 1091 3238 dicat.
1123 3174 1168 3238 ⁹0
1184 3197 1237 3258 pe·

87 3295 195 3358 pones,
209 3276 360 3362 sophistae
371 3275 606 3362 vituperabiles,
625 3284 658 3338 et
674 3295 738 3336 non
756 3273 814 3336 viri
829 3271 936 3359 [veri].
966 3273 1097 3338 Etenim
1113 3274 1153 3337 de
1169 3273 1239 3360 ipso

89 3418 181 3467 Divino
192 3421 333 3480 attributes,
349 3437 400 3468 was
413 3420 565 3468 coordinate
576 3420 637 3467 with
687 3419 726 3466 recl
744 3420 820 3479 ἔργων
839 3418 959 3478 ἁπάντων,
980 3420 1004 3467 ἐν
1021 3421 1111 3481 οὐρανῷ
1128 3422 1236 3482 φωστὴρ,

86 3501 130 3550 she
141 3501 235 3565 Deity;
250 3518 278 3550 so
289 3503 345 3550 that
357 3502 382 3550 S.
396 3501 480 3549 Cimb
491 3500 520 3548 of
527 3500 636 3548 Alexan·
686 3502 726 3548 καὶ
740 3501 837 3548 πάντων
850 3503 938 3562 πατὴρ,
951 3503 1004 3550 νοῦς
1021 3503 1061 3548 καὶ
1079 3483 1186 3564 ψύχωσώ
1203 3503 1239 3562 τῷ

86 3582 140 3630 dria
152 3583 181 3644 (o.
194 3583 248 3632 Jal.
262 3595 281 3631 1.
294 3599 317 3646 p.
328 3583 376 3645 30),
391 3582 464 3631 could
478 3598 522 3645 say
533 3581 601 3644 truly
612 3581 641 3629 of
685 3583 735 3641 ὅλῳ
747 3583 833 3642 κύκλῳ,
847 3583 943 3630 πάντων
954 3585 1050 3632 aluums.
1077 3583 1120 3630 Ad
1132 3584 1197 3632 (lent
1211 3582 1235 3633 6.

88 3662 252 3726 Pythagoras,
270 3664 524 3723 reclamamus
535 3679 563 3709 τε
579 3663 637 3710 εἶναι
735 3662 745 3694 ¹
763 3663 879 3711 Delendis
894 3665 932 3712 hae
947 3665 1003 3712 duae
1017 3681 1096 3722 voces,
1111 3682 1166 3727 quae
1182 3681 1236 3713 seu·

85 3746 154 3805 λέγει
176 3746 218 3793 τὸν
238 3747 287 3792 τῶν
308 3747 370 3792 ὅλων
392 3745 459 3801 Θεὸν,
482 3745 522 3791 καὶ
542 3744 637 3790 πάντων
685 3759 740 3791 sum
749 3744 906 3801 conturbant,
914 3759 1024 3806 quasque
1032 3759 1076 3791 nec
1086 3751 1156 3792 vetus
1163 3744 1236 3792 inter·

86 3827 171 3887 ἀρχὴν,
191 3828 296 3888 ἐργάτην
311 3844 339 3874 τε
355 3827 402 3873 τῶν
419 3826 492 3872 αὐτοῦ
508 3825 633 3882 δυνάμεων,
684 3840 748 3887 prce,
763 3840 809 3871 uec
819 3824 986 3872 Tertullianus
997 3825 1117 3888 legerunt.
1148 3825 1234 3876 Mass.

86 3910 203 3969 φωστῆρα
210 3910 249 3955 καὶ
259 3910 375 3970 ψύχωσιν,
383 3907 437 3965 ἤτοι
445 3906 585 3964 ζωοποὶησιν
590 3907 637 3952 τῶν
685 3906 854 3953 ΗΙΡΡοιΥτυΒ
865 3906 916 3954 also
926 3907 1024 3969 ignoras
1035 3907 1110 3955 them.

85 3993 147 4039 ὅλων
159 3992 198 4038 καὶ
210 3993 302 4037 κύκλων
314 3991 410 4036 πάντων
421 3990 519 4046 κίνησιν·
537 4003 635 4050 expres·
733 3986 856 4035 ’Graan
880 3988 1000 4050 imagines
1023 3989 1065 4036 the
1092 3989 1183 4037 author
1209 3994 1237 4037 to

84 4071 151 4120 sium
168 4072 244 4120 taken
261 4072 325 4119 from
343 4072 386 4119 the
403 4069 474 4119 αὐτὸς
491 4071 540 4130 ἔφα
551 4070 579 4116 of
593 4069 636 4116 the
684 4068 747 4115 have
759 4067 851 4130 quoted
862 4069 904 4116 the
916 4068 1035 4117 Homeric
1046 4069 1102 4128 line,

81 4153 249 4217 philosopher,
272 4169 299 4200 as
321 4151 435 4199 recorded
458 4151 492 4214 by
510 4150 635 4198 Ousuuns
678 4149 709 4196 *n
728 4150 828 4197 πέπονες
851 4149 905 4196 κάκ’
923 4149 1029 4210 ἐλέγχε’,
1044 4150 1175 4210 Ἀχαιΐδες,
1194 4151 1237 4197 οὐκ

83 4235 134 4284 AL.
159 4236 190 4282 ¹0
212 4235 256 4292 μὲν
278 4232 330 4282 θεὸς
347 4233 387 4281 εἶς’
414 4231 439 4292 χ’
457 4227 525 4280 οὗτος
542 4233 587 4290 οὐχ
604 4231 635 4281 ὥς
749 4229 783 4278 ἔτ’
794 4229 969 4290 Ἀχαιοὶ.-Ιὶ.
982 4229 1008 4290 β’
1013 4266 1018 4277 .
1033 4242 1088 4290 235.

82 4333 144 4364 ruer
156 4316 301 4373 ὑπονοοῦσα,
316 4316 383 4363 ἐκτὸς
399 4315 443 4362 τιῖς
455 4314 630 4372 διακοσμήσειε,
682 4309 730 4358 but
741 4311 762 4358 it
773 4312 794 4359 is
805 4327 874 4358 more
884 4310 1002 4374 probablc
1013 4310 1069 4358 that
1080 4309 1111 4356 he
1119 4307 1236 4371 parodiad

83 4398 136 4445 ἀλλ’
148 4398 174 4445 ἐν
190 4398 253 4457 οὐτᾷ
268 4398 324 4444 ὅλος
339 4397 364 4443 ἐν
374 4397 424 4455 ὅλῳ
435 4397 470 4455 τῷ
482 4397 568 4454 κύκλῳ,
583 4394 633 4442 ἔτι·
683 4393 705 4440 it
716 4410 755 4441 :-

82 4494 174 4528 σκοπος
185 4479 267 4526 τόσαι
279 4479 393 4538 γενέσιον,
409 4478 491 4537 κρᾶσις
504 4477 553 4522 τῶν
563 4478 633 4523 ὅλων
679 4473 710 4522 'u
727 4475 829 4523 τέπονές
844 4475 882 4536 ρο,
903 4476 1018 4536 σοφισταὶ
1036 4473 1155 4532 ἐλιγκτοὶ,
1175 4472 1236 4529 μηδὲ

82 4561 120 4608 ἀεὶ
137 4559 177 4619 ὢν,
195 4560 236 4607 nal
248 4560 352 4622 ἐργάτας
368 4560 416 4606 τῶν
432 4559 505 4607 αὑτοῦ
520 4557 635 4616 δυνάμιων
750 4555 772 4604 τ’
785 4557 889 4618 ἀληθεῖς,
