2954 4986
248 321 299 394 94
717 338 827 390 mnne
852 339 932 391 una

101 508 217 596 'gabin-{st
248 498 402 580 ἆληθείας
417 506 575 593 πανταχῇ
595 498 713 596 φαίνει,
725 497 779 567 καί
800 495 940 596 φωτίζει
954 493 1100 574 ιποίντας
1117 498 1310 594 ἀνθρώπους
1328 496 1405 572 τοὺς

84 601 235 687 Q
247 610 470 698 βουλομένους
496 613 539 686 εἰς
562 610 741 701 ἐπίγνωσιν
763 609 917 691 ἀληθείας
938 610 1054 679 ἐλθεῖν.
1087 608 1158 680 Καί
1179 611 1257 679 οὔτε
1279 610 1298 678 ὁ
1318 606 1404 678 πάνυ

248 720 402 798 ιὸυνατός
428 723 460 790 ἐν
479 723 575 812 λόγῳ
597 727 663 792 τῶν
685 722 718 790 ἐν
741 730 815 797 ταῖς
840 720 1023 802 ἐκκλησίαις
1045 723 1279 819 προεστώτων,
1301 722 1400 818 ἔτερα
1413 750 1466 834 ἢ

246 835 375 905 τούτων
390 835 465 931 ἐρεῖ·
490 832 590 909 ον’θείς
611 832 679 931 γὰρ
696 831 778 931 ὑπὲρ
798 831 860 904 τὸν
880 830 1096 903 διδάσκαλον·
1128 835 1242 905 edred
1264 833 1401 914 ἀσθενὴς
1433 826 1436 833 ’
1464 827 1467 832 ’

246 946 279 1014 έν
308 948 358 1033 τῷ
387 946 483 1035 λόγῳ
512 947 699 1015 ἐλαττώσει
730 945 790 1027 τὴν
821 942 1017 1042 παράδοσιν.
1056 945 1149 1021 Μιᾶς
1170 942 1240 1043 γὰρ
1266 944 1321 1014 καί
1345 953 1402 1025 της

246 1057 343 1138 αὐτῆς
361 1057 504 1132 πίστεως
524 1059 628 1138 οὔσης,
647 1058 724 1127 οὔτε
744 1059 763 1126 ὁ
781 1056 870 1127 πολὺ
892 1055 968 1154 περί
992 1056 1089 1139 αὕτῆς
1109 1053 1282 1140 δυνάμενος
1302 1058 1402 1126 εἰπεῖν

245 1169 454 1249 ἐπλεόνασεν,
473 1169 549 1239 οὔτε
569 1170 587 1238 ὁ
608 1167 651 1239 τὸ
672 1169 800 1260 ὀλίγον,
820 1169 1038 1251 ἧλαττώνησε.

739 1386 832 1484 Κεφ.
863 1384 899 1455 δ’.

272 1547 482 1624 Secundum
508 1547 599 1648 quid
610 1550 686 1648 fiat
705 1564 844 1648 potore
868 1548 959 1624 alios
984 1546 1133 1646 quidem
1150 1547 1251 1647 pirre,
1279 1548 1371 1622 otios

511 1666 738 1742 verentibus
761 1667 893 1741 trabere
918 1664 1126 1762 agnitionis.

319 1820 389 1890 ΤΟ
413 1818 448 1890 di
471 1829 587 1892 πλεῖον
609 1821 633 1903 ’i
650 1822 799 1892 ἔλαττον
819 1816 906 1891 κατὰ
931 1819 1061 1889 σύνεσιν
1082 1815 1197 1888 εἰδέναι
1220 1815 1324 1901 τινὰς,
1344 1819 1397 1888 οιίιι

243 1932 276 2002 έν
293 1935 343 2021 τῷ
360 1932 420 2014 τὴν
438 1934 595 2004 ὑπόθεσιν
616 1933 715 2015 αὐτὴν
738 1928 924 2002 ἆλλώσσειν
946 1931 1084 2021 γίνεται,
1106 1930 1160 2000 καί
1183 1928 1293 2000 ἄλλον
1312 1929 1396 2000 Θεὸν

243 2052 452 2141 παρεπινοεΐν
480 2043 575 2143 παρὰ
596 2042 657 2116 τὸν
682 2042 891 2142 δημιουργὸν,
919 2040 973 2112 καί
1003 2041 1151 2125 ποιητὴν,
1178 2041 1233 2112 καὶ
1261 2043 1395 2140 τροφέα

242 2153 339 2226 τοῦδε
367 2161 429 2227 τοῦ
464 2155 598 2241 παντὸς,
633 2160 692 2234 3ὡς
723 2156 768 2240 μὴ
801 2155 1014 2254 ἀρκουμένους
1050 2156 1198 2237 τούτους,
1234 2150 1253 2234 ἢ
1288 2153 1395 2224 ἄλλον

241 2353 276 2412 et
292 2347 449 2413 illuminat
466 2370 574 2413 omnes
590 2348 741 2422 homines,
759 2347 813 2433 qni
829 2347 939 2412 volunt
956 2347 997 2411 ad
1015 2345 1228 2432 cognitionem
1252 2346 1395 2412 veritatis

241 2446 357 2511 venire.
406 2445 452 2512 Et
468 2469 570 2532 neque
593 2447 620 2512 ia
637 2447 691 2532 qui
708 2447 799 2513 valde
815 2446 967 2532 praeralet
986 2444 1019 2509 in
1041 2466 1195 2518 sermone,
1213 2467 1255 2509 ex
1281 2445 1321 2510 iia
1343 2445 1394 2531 qni

241 2552 383 2629 praeeunt
406 2546 552 2620 eoelestis,
570 2546 633 2610 elia
651 2569 747 2631 quam
769 2547 840 2610 haeo
865 2552 941 2610 eunt
961 2545 1060 2608 dieet:
1086 2565 1179 2607 nemo
1196 2543 1280 2607 enim
1301 2566 1394 2629 anper

242 2643 431 2728 magistrum
447 2651 511 2708 eet:
537 2666 640 2729 neque
655 2645 797 2710 infirmus
812 2645 845 2708 in
863 2644 995 2708 dieendo
1013 2642 1226 2707 deminorabit
1249 2643 1393 2709 traditio

78 2751 229 2838 ᾖξ’-νήια
242 2761 324 2805 nem.
378 2743 458 2806 Cum
473 2742 557 2807 enim
580 2764 644 2808 una
664 2754 699 2808 et
719 2745 831 2809 eadem
854 2743 932 2807 fides
955 2743 1007 2820 eit,
1026 2763 1127 2827 neque
1144 2740 1170 2804 ie
1188 2741 1242 2827 qui
1259 2743 1392 2808 multum

241 2840 283 2905 de
296 2862 334 2907 ea
350 2847 457 2926 potest
475 2841 580 2908 dicere
593 2843 736 2929 ampliat,
752 2865 855 2928 neque
871 2841 898 2906 ia
913 2840 967 2928 qui
985 2841 1088 2906 minue
1104 2839 1296 2907 deminorat.

719 3024 819 3089 CAP.
851 3022 914 3092 IV.

316 3154 402 3221 Pena
426 3164 535 3223 antem
563 3156 740 3224 autminus
765 3156 938 3222 seeundum
958 3156 1161 3243 prudentiam
1187 3179 1280 3222 noane
1303 3181 1391 3244 quoe·

240 3254 315 3320 dam
345 3257 649 3344 ⁴[intelligentiam‚]
676 3280 740 3322 non
767 3257 800 3321 in
827 3279 866 3321 eo
891 3258 975 3342 quod
998 3266 1222 3344 argumentum
1247 3257 1391 3322 immute-

241 3361 304 3429 tur,
331 3355 475 3428 effieitur,
506 3362 540 3418 et
565 3355 645 3419 alius
671 3357 759 3420 Deue
786 3356 987 3442 excogitetur
1011 3364 1130 3441 praeter
1155 3356 1389 3437 fabricatorem,

239 3459 274 3516 et
299 3451 462 3526 faetorem,
481 3460 515 3517 et
540 3453 731 3518 nutritorem
756 3456 850 3540 hujus
874 3455 1099 3532 universitatis,
1121 3455 1212 3541 quaai
1237 3477 1303 3520 non
1328 3455 1392 3540 ipee

238 3616 369 3665 orientalee
380 3618 528 3681 provinciae,
543 3618 591 3666 nini
605 3618 685 3678 fallor,
701 3619 789 3682 indigi·
839 3620 911 3668 made
927 3622 953 3668 in
970 3621 1058 3669 favour
1071 3620 1101 3668 of
1113 3635 1163 3684 any
1175 3621 1265 3685 theory
1281 3621 1311 3669 of
1322 3622 1390 3669 deve·

239 3701 305 3757 tana,
329 3714 378 3746 non
401 3699 480 3747 nolum
498 3700 637 3748 districtum
656 3701 788 3749 Antioche·
839 3701 958 3767 lopment.
993 3702 1022 3750 Ii
1035 3718 1093 3750 ever
1102 3718 1140 3750 we
1156 3702 1208 3750 find
1224 3718 1276 3766 any
1287 3707 1355 3751 traoe
1367 3702 1393 3750 of

240 3794 308 3839 num,
328 3780 370 3842 qui
387 3781 487 3830 nomine
505 3781 611 3831 Orieatia
628 3782 653 3829 in
672 3783 790 3847 singulari
839 3782 889 3831 thia
900 3782 1039 3846 dangeroua
1050 3784 1161 3832 deluaion
1174 3783 1201 3831 in
1213 3783 1340 3832 Christian
1352 3799 1392 3832 an·

240 3874 343 3908 numero
354 3861 476 3925 designari
488 3863 557 3912 solet.
595 3861 697 3912 Genea.
839 3863 940 3927 tiquity
949 3865 970 3912 it
978 3865 999 3912 ia
1006 3865 1140 3928 uniformly
1147 3865 1190 3912 the
1197 3863 1255 3928 ples
1261 3864 1290 3911 of
1297 3865 1389 3928 herery.

289 3936 368 3986 ’Τίτε
379 3940 447 3987 word
457 3940 538 3988 lumea
549 3940 674 4002 evidently
685 3956 754 3990 came
764 3941 790 3989 in
840 3944 911 3993 Idem
928 3945 997 3994 licuit
1022 3944 1200 3994 Valentinianis
1221 3944 1286 4006 quod
1310 3945 1391 3994 Valen-

240 4017 305 4066 irom
316 4020 359 4067 the
374 4021 479 4083 margin.
514 4021 542 4069 It
552 4022 573 4070 ia
589 4022 667 4070 found
678 4023 792 4071 however
839 4027 898 4086 tino,
920 4027 985 4076 idem
1001 4027 1157 4077 harmoniae
1173 4028 1238 4089 quod
1257 4027 1387 4085 Marcioni,

239 4101 438 4150 intheAnuan.
451 4103 668 4153 endotherMSS
840 4106 871 4154 de
884 4107 987 4155 arbitrio
1004 4107 1135 4168 euofidem
1152 4108 1275 4158 innovare.
1311 4109 1388 4157 Tm.

289 4181 299 4213 ¹
317 4183 416 4233 πάντας,
434 4184 459 4230 A
471 4184 616 4248 knowledge
627 4185 655 4233 of
662 4186 705 4233 the
720 4184 790 4234 truth
840 4187 942 4237 Pmrr.
955 4189 1023 4237 Hoer.

241 4263 675 4326 (thademianothmitedtothoee
690 4266 745 4313 who
756 4266 791 4329 by
889 4267 947 4317 *ὡς
964 4272 998 4327 μὴ
1016 4271 1170 4331 ἀρκουμένους
1187 4272 1293 4319 τούτους.
1329 4269 1358 4318 If
1370 4271 1389 4317 it

239 4346 306 4395 birth
321 4362 362 4394 are
377 4346 406 4394 of
420 4346 464 4394 the
479 4346 592 4409 spiritual
609 4346 789 4410 (Valentinian)
840 4364 903 4397 were
920 4354 965 4397 not
985 4350 1024 4397 for
1041 4351 1085 4398 the
1104 4350 1199 4399 similar
1215 4351 1288 4399 onder
1305 4351 1334 4399 of
1348 4351 1389 4398 the

238 4427 302 4486 seed,
316 4427 337 4475 it
347 4427 368 4474 ia
379 4426 470 4474 offered
481 4431 508 4474 to
519 4426 552 4474 all
563 4427 635 4476 alike.
839 4430 995 4490 mention,
1019 4430 1040 4478 it
1062 4431 1143 4494 might
1165 4432 1228 4479 have
1250 4433 1313 4479 been
1332 4432 1388 4478 ima·

286 4505 299 4537 ⁸
313 4507 352 4556 At
367 4507 431 4557 leaet
446 4508 504 4556 here
519 4506 589 4555 there
606 4507 626 4555 is
643 4523 676 4555 no
693 4522 789 4556 reaerve
838 4509 912 4572 gined
927 4510 982 4559 that
997 4511 1046 4560 thia
1057 4511 1166 4560 member
1176 4512 1225 4560 had
1237 4512 1297 4560 been
1309 4517 1386 4560 trane·
