2954 4986
597 349 784 409 nmunsrs.
1085 320 1088 325 ’
1198 342 1265 406 193

58 536 89 612 τὰ
112 505 214 587 οὕτως
235 520 307 588 τοῖς
337 510 522 610 ἀνθρώποις
545 512 712 611 σωτηρίαν
737 511 891 610 παρέσχε
918 508 970 581 διὰ
993 519 1050 595 τῆς
1080 510 1163 589 ίδίας
1192 512 1263 583 έπι-
1275 527 1406 614 thy-1312
1409 531 1428 569 ¹

58 623 78 659 ³
112 625 271 714 γνώσεως.
323 624 442 701 Κακῶς
467 622 536 723 γὰρ
561 622 765 695 διοικούντων
781 629 847 696 τῶν
867 624 1023 715 ἀγγέλων
1041 624 1102 697 τδν
1124 626 1260 709 κόσμον,
1298 621 1404 709 Ἄξῗςί

112 734 165 805 διὰ
194 735 238 807 τὸ
267 741 448 835 φιλαρχεῖν
476 737 600 822 αὐτοὺς,
626 739 668 813 εῖς
691 738 918 836 ἐπανόρθωσιν
944 739 1133 820 ἐληλυθέναι
1162 737 1263 810 odedu
1278 745 1427 756 “-

112 850 178 946 ἔφη
195 850 514 948 μεταμορφούμενον
536 851 589 920 καὶ
610 849 861 944 ε’ξομοιοιίμενον
881 860 955 928 ταῖς
981 850 1099 949 ἀρχαῖς
1118 850 1172 921 καί
1190 861 1263 928 ταῖς

113 959 284 1054 ἐξουσίαις,
315 962 369 1032 καί
403 973 474 1039 τοῖς
507 963 678 1054 ἀγγέλοις,
716 966 755 1040 ὡς
791 963 845 1034 καῖ
881 962 1055 1060 ἄνθρωπον
1082 964 1262 1062 φαίνεσθαι

113 1072 222 1157 atriu,
261 1077 305 1157 μη
345 1075 426 1146 ὅντα
461 1073 643 1174 ἄνθρωπον,
678 1074 731 1145 καί
764 1080 881 1147 παθεῖν
910 1074 945 1146 δέ
981 1077 1013 1146 έν
1044 1084 1088 1171 τῇ
1117 1075 1262 1168 Ἰουδαίᾳ

112 1183 311 1269 δεδοκηκέναι
334 1188 406 1258 ικαί
434 1190 479 1271 μη
506 1189 770 1260 πεπονθότα...

112 1297 200 1376 Τοὺς
229 1297 264 1368 δὲ
293 1301 473 1399 προφήτας
502 1298 571 1371 ιἰπδ
600 1306 665 1373 τῶν
690 1305 903 1385 κοσμοποιῶν
926 1301 1083 1394 ἆγγέλων
1104 1303 1263 1386 ἐμπνευσ-

112 1412 229 1488 θέντας
253 1414 407 1512 εἰρηκέναι
430 1410 492 1490 τὰς
515 1414 733 1513 προφητείας.
787 1412 852 1485 Διὸ
874 1415 918 1498 μὴ
943 1413 1135 1515 φροντίζειν
1158 1415 1263 1486 αὗτῶν

111 1524 187 1600 τοὺς
207 1527 250 1602 είς
267 1522 329 1597 τδν
346 1526 479 1610 Σίμωνα
500 1526 554 1596 καί
579 1525 639 1609 την
657 1526 798 1608 Ἑλένην
818 1528 1092 1612 πεπιστευκότας,
1114 1523 1187 1631 [ἕως
1210 1533 1262 1597 νῦν

112 1634 280 1735 πρόσσειν
301 1636 345 1710 τδι
370 1632 436 1742 od]
464 1634 505 1744 [l.
529 1639 606 1716 τοὺς
629 1636 916 1739 συμπράσσοντος
940 1635 981 1744 d]
1011 1640 1194 1727 βούλονται
1223 1645 1263 1717 ὥς

112 1751 327 1849 ’ἐλευθέρους
369 1748 456 1822 κατὰ
481 1749 550 1850 γὰρ
573 1751 633 1834 τῆν
658 1755 761 1824 αὐτοῦ
784 1749 904 1852 3χάριν
942 1751 1110 1853 σιόζεσθαι
1148 1751 1264 1828 adroic

113 1860 294 1961 φόσκουσι·
328 1861 427 1946 μηδὲν
448 1860 516 1964 γὰρ
536 1863 614 1935 εἶναι
639 1865 747 1937 α’ίτιον
770 1863 855 1948 δίκης
882 1867 910 1936 εί
936 1863 1056 1964 πράξει
1079 1895 1131 1941 τις
1152 1868 1263 1949 κακῶς,

112 2049 146 2108 et
162 2044 266 2129 ipsum
282 2043 413 2120 venisse,
430 2043 480 2110 uti
497 2067 568 2110 eam
584 2052 760 2111 assumeret
775 2045 912 2132 primam
929 2051 964 2111 et
978 2044 1131 2111 liberaret
1148 2065 1219 2110 eam
1243 2068 1265 2112 a

111 2142 252 2221 vinculis,
270 2142 451 2211 hominibus
467 2155 577 2212 autem
592 2146 730 2212 salutem
749 2151 920 2232 praestaret
941 2166 1000 2232 per
1018 2166 1109 2210 suam
1125 2143 1264 2232 agnitio·

111 2264 194 2308 nem.
246 2242 328 2308 Cum
345 2244 429 2309 euim
445 2244 527 2310 male
543 2246 787 2311 moderarentur
803 2245 916 2333 Angeli
931 2246 1094 2320 mundum,
1113 2243 1263 2330 quoniam

111 2342 328 2430 unusquisque
338 2366 448 2410 eorum
465 2344 702 2429 concupisceret
713 2345 938 2433 principatum,
951 2344 994 2410 ad
1007 2343 1263 2410 emendationem

112 2443 235 2509 venisse
250 2465 368 2518 rerum,
386 2452 421 2509 et
438 2444 636 2510 descendisse
657 2466 730 2510 eum
747 2445 1024 2532 transfiguratum,
1048 2451 1083 2510 et
1108 2443 1264 2509 assimila·

112 2549 183 2608 tum
199 2542 395 2618 Virtutibus,
414 2549 448 2609 et
464 2544 694 2620 Potestatibus,
713 2552 747 2611 et
762 2544 907 2632 Angelis,
924 2551 963 2610 ut
979 2551 1013 2610 et
1029 2543 1063 2609 in
1082 2542 1264 2610 homiuibus

112 2640 208 2708 homo
222 2650 394 2728 appareret
411 2643 488 2729 ipse,
506 2666 578 2710 eum
590 2666 655 2710 non
671 2653 755 2710 esset
770 2645 888 2720 homo;
907 2651 943 2711 et
959 2667 1085 2732 passum
1103 2650 1213 2710 autem
1229 2643 1263 2707 iu

113 2741 232 2807 Judaea
257 2751 421 2828 putatum,
451 2766 523 2809 cum
555 2765 620 2809 nou
654 2753 738 2811 esset
768 2768 888 2832 passus.
942 2745 1122 2831 Prophetae
1154 2750 1262 2809 autem

112 2842 266 2906 emundi
285 2843 532 2909 fabricatoribus
558 2844 691 2931 Angelis
716 2845 887 2931 inspiratos
916 2844 1034 2910 dixisse
1057 2843 1263 2930 prophetias:

114 2949 309 3028 quapropter
334 2965 393 3008 nec
421 2943 555 3009 ulterius
584 2952 734 3010 curarent
761 2967 816 3010 eos
843 2945 876 3008 hi
904 2945 958 3031 qui
988 2945 1022 3008 in
1056 2965 1129 3007 eum
1163 2951 1198 3006 et
1231 2941 1265 3005 in

115 3039 274 3107 Helenam
291 3044 359 3130 ejus
374 3066 463 3129 spem
484 3043 636 3120 habeant,
664 3051 699 3108 et
724 3051 762 3109 ut
787 3044 903 3109 liberos
928 3066 1024 3129 agere
1050 3063 1121 3127 quae
1145 3041 1264 3107 velint:

60 3166 96 3206 nu
113 3143 286 3206 secundum
303 3142 387 3207 enim
406 3142 503 3229 ipsius
528 3143 669 3230 gratiam
685 3143 800 3208 salvari
817 3143 971 3218 homiues,
990 3143 1046 3206 sed
1067 3163 1132 3206 non
1155 3162 1265 3205 secun·

64 3251 66 3254 ‘
114 3241 190 3305 dum
224 3263 338 3326 operas
367 3243 481 3329 justas.
534 3243 602 3309 Nec
636 3242 721 3308 enim
749 3265 817 3307 esse
843 3241 1036 3307 naturaliter
1063 3240 1266 3327 operationes

162 3415 301 3465 ¹Buusau
326 3418 376 3468 and
404 3419 443 3468 Dr
468 3420 557 3480 Soorr,
582 3418 661 3467 lbool.
763 3418 1266 3485 ⁸'l’heantinomianprineiplesof(lncri-

117 3498 200 3548 orteia
227 3499 287 3549 Vol.
312 3513 342 3549 11.
366 3518 390 3564 p.
415 3514 470 3564 531,
500 3501 598 3550 diecard
620 3501 663 3549 the
715 3503 796 3552 tioism
812 3503 877 3552 form
893 3503 976 3567 byrro
992 3502 1198 3552 meaneitsleast
1208 3518 1266 3551 oon-

117 3581 219 3646 partiele
242 3583 290 3643 καί,
314 3583 432 3646 standing
453 3599 480 3632 ss
508 3584 529 3632 it
556 3583 613 3632 does
636 3584 663 3632 iu
715 3586 830 3649 spicnous
840 3585 974 3645 character,
987 3585 1019 3634 cf.
1030 3597 1048 3633 1.
1061 3583 1075 3642 ἕ
1089 3598 1117 3632 ια
1129 3583 1179 3632 aud
1191 3595 1266 3634 mv.

116 3661 246 3711 an’e
257 3668 311 3712 text
321 3663 404 3712 before
415 3664 572 3723 detornatam.
593 3664 663 3728 They
716 3666 887 3714 Hrrronrrns
902 3665 1024 3715 describes
1041 3665 1083 3714 the
1096 3665 1231 3730 profligaoy
1242 3663 1271 3713 of

115 3744 261 3793 overlooked
293 3745 337 3793 the
369 3744 428 3805 fact,
456 3745 577 3805 however,
607 3747 664 3795 that
716 3749 759 3796 the
780 3748 903 3796 sobonem
925 3748 954 3796 of
973 3747 1060 3796 Simon
1087 3762 1115 3795 as
1140 3747 1213 3809 being
1240 3746 1267 3794 in

115 3824 285 3876 Hrrronrrns
304 3842 354 3874 was
375 3827 482 3891 quoting
498 3827 536 3876 his
554 3827 664 3877 master’s
716 3830 824 3894 keeping
840 3829 902 3878 with
913 3829 978 3878 their
989 3835 1077 3878 tenete.
1112 3829 1268 3878 oleraceo

114 3907 203 3968 words,
221 3908 265 3956 the
283 3907 433 3956 translation
456 3909 485 3957 os
502 3909 584 3958 which
605 3926 663 3958 eua-
716 3913 819 3971 μιμηταί
835 3914 879 3960 τοῦ
897 3912 989 3960 τλιίνου
1009 3913 1049 3960 καί
1067 3912 1171 3971 Σίμωνος
1188 3911 1269 3972 μάγου

114 3989 166 4038 bles
187 4006 217 4038 us
236 3995 263 4038 to
286 3995 379 4040 restore
401 3992 444 4040 the
461 3992 563 4056 particle
582 3996 609 4041 to
631 3993 664 4042 ite
716 3994 844 4056 γινόμενοι,
868 3996 901 4043 τὰ
922 3994 993 4053 ὅμοια
1014 3995 1107 4054 δρῶσιν,
1133 3993 1269 4054 ἀλογίστως

113 4087 201 4136 proper
211 4071 289 4135 place.
717 4077 851 4140 φάσκοντες
862 4077 910 4124 δεῖν
919 4077 1054 4137 μίγνυσθαι,
1068 4076 1186 4136 λέγοντες,
1200 4078 1270 4125 πᾶσα

161 4152 351 4203 'monoteta'
366 4155 469 4220 slightly
485 4155 584 4219 deporta
599 4155 663 4204 from
717 4161 753 4221 γῆ
771 4159 813 4221 γῆ,
829 4159 868 4207 καί
885 4160 912 4207 οὐ
928 4160 1035 4222 διαφέρει
1051 4161 1098 4207 τοῦ
1114 4176 1150 4208 τις
1166 4159 1266 4221 σπείρει,

114 4235 157 4283 the
167 4240 222 4284 text
232 4236 262 4284 os
269 4236 449 4296 Hll’l’om'ms,
459 4253 487 4286 aa
498 4237 552 4286 well
563 4253 591 4287 aa
601 4238 665 4287 fmm
719 4242 784 4300 πλὴν
795 4242 834 4289 ίνα
848 4241 943 4303 στείρῃ,
957 4242 1022 4289 ἀλλὰ
1035 4243 1204 4304 μακαρίζουσιν
1219 4242 1270 4289 ίαυ-

114 4317 158 4365 the
175 4317 252 4366 Latin
269 4318 376 4367 version.
408 4319 489 4368 Ἀλλὰ
505 4319 620 4383 πράττειν
636 4321 666 4370 ὢν
718 4325 773 4373 τοὺς
790 4323 831 4371 ἐπί
847 4323 880 4384 τῇ
894 4321 963 4383 μίξει,
977 4323 1068 4382 ταυτην
1085 4323 1143 4371 εῖναι
1157 4324 1271 4384 adpone

115 4401 257 4463 ἐλευθέρους,
278 4401 343 4463 ἅπερ
359 4402 390 4449 ἄν
405 4402 562 4461 ἐθελήσωσιν
580 4403 667 4464 οθγδρ
718 4406 763 4466 τὴν
779 4405 875 4453 τελείαν
892 4404 1034 4465 ἀγάπην...
1058 4402 1198 4452 phileam.
1216 4416 1269 4466 191.

116 4482 154 4530 aa
170 4483 278 4544 τριίξεων
298 4482 403 4542 ἀγαθῶν,
424 4483 489 4531 ἀλλὰ
509 4484 548 4532 διὰ
569 4484 667 4546 χάριτος
717 4485 788 4535 'l'lreu
800 4486 883 4535 follow
893 4487 936 4535 the
944 4485 1024 4534 words
1037 4485 1129 4549 quoted
1140 4491 1168 4533 at
1178 4502 1203 4549 p.
1217 4498 1270 4547 123,

115 4566 240 4624 τεύξεσθαι
251 4566 296 4624 τῆς
307 4566 433 4627 σωτηρίαι.
454 4565 496 4614 ίοι.
509 4565 548 4614 cit.
719 4573 778 4616 note
791 4583 813 4616 a.

214 4672 290 4720 voa.
310 4673 333 4719 r.
1129 4661 1173 4727 13
