2954 4986
556 357 888 411 remansurorum.
1210 344 1276 412 255

126 539 189 581 non
214 517 296 582 sciat
322 540 393 602 quae
419 517 461 581 ab
486 517 606 602 angelis
624 517 732 582 futura
757 526 841 584 sunt.
890 515 925 582 Si
948 524 1056 583 autem
1075 539 1139 583 non
1156 524 1439 621 stabulm?

127 617 324 681 voluntatem
341 617 409 701 ejus
433 616 489 680 sed
506 617 630 682 volente
655 625 689 681 et
711 616 840 697 sciente,
859 618 1125 703 quemadmodum
1148 618 1276 703 quidam
1289 609 1437 713 “³⁸2²be

127 716 309 801 opinantur,
331 717 399 801 jam
425 738 488 780 non
514 717 618 802 angeli
642 717 692 781 vel
717 717 826 781 mundi
852 717 1027 782 fabricator
1051 738 1155 783 causae
1180 726 1276 784 erunt
1290 747 1438 757 —-

129 816 344 880 fabricationis
362 815 461 893 istius,
479 816 536 880 sed
552 816 696 881 voluntas
710 816 781 884 Dei.
821 815 856 881 Si
873 817 958 882 enim
974 817 1084 881 mundi
1101 817 1276 883 fabricator

130 923 189 993 cst,
214 916 343 1000 angelos
366 915 433 1000 ipse
457 915 543 992 fecit,
562 923 619 980 aut
640 915 738 981 etiam
760 939 856 981 causa
880 916 1050 982 creationis
1076 938 1186 981 eorum
1208 917 1276 1002 ipse

131 1015 201 1090 fuit,
225 1024 259 1079 et
280 1016 432 1079 mundum
450 1016 517 1100 ipse
534 1014 692 1082 videbitur
709 1015 827 1092 fecisse,
845 1015 900 1102 qui
924 1038 1035 1081 causas
1059 1015 1277 1082 fabricationis

130 1114 198 1199 ejus
231 1115 434 1200 praeparavit.
487 1115 579 1180 Licet
619 1138 678 1201 per
710 1117 837 1203 longam
868 1115 1096 1182 successionem
1129 1116 1276 1181 deorsum

131 1213 259 1300 angelos
282 1215 390 1280 dicant
410 1215 522 1293 factos,
549 1214 598 1279 vel
623 1215 732 1281 mundi
758 1216 982 1281 fabricatorem
1003 1215 1146 1302 aprime
1167 1216 1274 1294 Patre,

131 1314 397 1398 quemadmodum
430 1314 585 1379 Basilides
612 1314 668 1394 ait,
700 1315 902 1380 nihilominus
929 1316 962 1380 id
992 1317 1076 1402 quod
1103 1323 1153 1381 est
1182 1337 1278 1382 causa

131 1435 240 1477 eorum
258 1436 329 1499 quae
346 1414 433 1479 facta
448 1421 533 1494 sunt,
543 1413 575 1477 in
588 1414 675 1479 illum
688 1416 740 1501 qui
754 1415 898 1501 prolator
905 1415 967 1481 fuit
979 1415 1052 1480 talis
1064 1415 1278 1497 successionis,

132 1520 295 1578 recurret:
334 1515 601 1599 quemadmodum
635 1512 668 1578 in
700 1537 808 1602 regem
835 1515 1005 1580 ¹correctio
1030 1515 1104 1580 belli
1129 1517 1276 1597 refertur,

133 1612 187 1698 qui
213 1614 404 1698 praparavit
421 1636 547 1699 eaquae
572 1621 647 1679 sunt
670 1637 765 1680 causa
787 1614 941 1690 victoriae;
965 1625 999 1680 et
1022 1614 1163 1680 conditio
1184 1615 1279 1701 hujus

133 1712 280 1789 civitatis,
308 1722 364 1778 aut
389 1714 482 1799 hujus
508 1714 620 1799 operis,
647 1713 680 1778 in
706 1736 778 1779 eum
806 1714 860 1800 qui
884 1713 1078 1800 praeparavit
1101 1736 1211 1779 causas
1235 1715 1278 1780 ad

132 1813 358 1897 perfectionem
385 1837 495 1878 eorum
525 1837 595 1900 quae
629 1814 776 1879 deorsum
810 1814 897 1878 facta
929 1820 1014 1878 sunt.
1072 1813 1279 1900 Quapropter

132 1934 196 1975 non
210 1914 279 1997 jam
295 1914 430 1979 securim
447 1914 579 1979 dicimus
596 1914 761 1979 concidere
775 1913 871 2000 ligna,
889 1913 939 1978 vel
954 1936 1075 1979 serram
1088 1935 1205 1990 secare,
1221 1915 1278 1981 sed

132 2013 292 2078 hominem
318 2014 483 2079 concidere
509 2021 542 2080 et
571 2036 679 2079 secare
703 2013 877 2079 rectissime
904 2013 973 2099 quis
1000 2013 1086 2079 dicat
1111 2036 1192 2089 eum,
1224 2014 1279 2101 qui

132 2111 234 2197 ipsam
250 2114 384 2178 securim
402 2122 436 2180 et
452 2136 573 2179 serram
587 2114 629 2178 ad
646 2113 705 2178 boc
715 2113 801 2194 fecit,
815 2120 849 2178 et
862 2114 963 2179 multo
979 2114 1066 2199 prius
1078 2122 1279 2181 arrnamenta

133 2212 248 2291 omnia,
277 2236 335 2298 per
358 2236 428 2300 quae
454 2213 611 2279 fabricata
635 2220 711 2279 suut
737 2212 855 2278 securis
878 2220 912 2278 at
938 2235 1035 2278 serra.
1099 2213 1152 2279 Sic
1179 2214 1279 2303 igitur

128 2313 215 2397 juste
231 2316 404 2379 secundum
421 2314 545 2379 illorum
570 2313 736 2389 rationem,
754 2313 856 2378 Pater
876 2313 1016 2378 omnium
1036 2313 1162 2378 dicetur
1182 2313 1278 2380 fabri·

131 2419 222 2477 cator
251 2413 344 2499 hujus
376 2414 495 2492 mundi,
525 2421 558 2479 et
592 2435 656 2478 non
689 2413 804 2500 angeli,
831 2434 933 2499 neque
960 2413 1040 2479 alius
1069 2413 1139 2499 quis
1167 2414 1279 2480 mundi

130 2513 313 2591 fabricator,
327 2523 445 2600 prater
457 2513 544 2578 illum
557 2513 611 2599 qui
624 2513 684 2578 fuit
696 2513 848 2599 prolator,
861 2520 894 2578 et
908 2513 1012 2599 ²prius
1025 2535 1120 2579 causa
1132 2513 1279 2581 factionis

130 2612 310 2698 hujusmodi
328 2613 569 2699 praeparationis
586 2612 749 2679 exsistens.

207 2716 238 2780 3.
291 2712 342 2779 Sit
359 2713 494 2778 fortasse
515 2713 567 2778 hic
592 2735 696 2779 sermo
718 2714 877 2780 suasorius
896 2721 954 2780 aut
974 2715 1173 2781 seductorius
1192 2715 1278 2802 apud

131 2835 193 2890 eos,
218 2814 272 2898 qui
295 2812 445 2900 ignorant
476 2812 582 2877 Deum
609 2821 643 2879 et
665 2812 770 2902 ³[qui]
797 2815 976 2880 hominibus
1007 2815 1183 2881 assimilant
1205 2837 1279 2880 enm

129 2912 285 2998 inopibus,
303 2919 337 2978 et
354 2913 402 2977 his
419 2913 473 2999 qui
490 2935 554 2978 non
576 2922 709 2998 possunt
725 2915 836 2981 statim
853 2914 971 3000 aliquid
988 2937 1028 2978 ex
1051 2923 1165 3000 parato
1182 2915 1280 2980 fabri·

130 3034 213 3089 care,
231 3014 287 3078 sed
304 3012 521 3100 indigentibus
539 3012 648 3079 multis
669 3014 797 3100 organis
821 3014 863 3078 ad
886 3035 996 3078 eorum
1016 3014 1276 3083 fabricationem:

128 3134 193 3177 non
217 3120 326 3178 autem
345 3113 521 3178 verisimilis
547 3112 580 3176 in
604 3120 711 3178 totum
732 3113 818 3198 apud
839 3135 902 3187 eos,
928 3113 982 3198 qui
1001 3113 1106 3178 sciunt
1129 3113 1279 3198 quoniam

128 3213 243 3278 nullius
267 3213 412 3300 indigens
437 3213 577 3278 omnium
602 3211 690 3277 Deus
712 3213 810 3277 verbo
835 3212 978 3277 condidit
1003 3211 1109 3277 omnia
1128 3221 1163 3278 et
1184 3211 1276 3291 fecit;

128 3337 231 3401 neque
256 3313 375 3400 angelis
402 3313 548 3400 indigens
577 3310 775 3398 adjutoribus
808 3312 851 3377 ad
880 3334 927 3394 ea,
954 3334 1024 3398 qnae
1055 3312 1147 3390 liunt,
1175 3334 1280 3400 neque

128 3415 248 3480 virtute
264 3413 371 3499 aliqua
386 3413 478 3479 valde
495 3412 635 3477 inferiori
652 3413 694 3477 ab
707 3410 770 3487 illo,
783 3419 817 3478 et
834 3412 1003 3500 ignorante
1014 3419 1158 3498 patrem;
1177 3434 1279 3500 neque

128 3515 234 3601 aliqua
250 3513 448 3600 labensque
464 3513 654 3600 ignorantia,
670 3520 707 3578 ut
720 3512 746 3576 is
762 3511 816 3599 qui
826 3513 980 3599 inciperet
993 3534 1066 3577 enm
1079 3535 1278 3598 cognoscere,

129 3607 242 3680 ⁴bomo
268 3613 378 3679 fieret:
403 3614 458 3678 sed
488 3612 555 3698 ipse
584 3614 617 3677 in
646 3609 826 3698 semetipso,
853 3613 1026 3678 secuudum
1053 3613 1087 3678 id
1116 3614 1202 3698 quod
1229 3621 1280 3681 est

129 3713 339 3780 inenarrabile
366 3720 399 3778 et
426 3712 670 3801 inexcogitabile
692 3711 784 3777 nobis
809 3712 916 3778 omnia
937 3712 1181 3798 praedestinans,
1202 3712 1279 3781 fecit

129 3814 395 3898 quemadmodum
406 3812 523 3888 voluit3
542 3813 687 3878 omnibus
704 3811 954 3887 consonantiam,
969 3819 1004 3877 et
1017 3812 1161 3878 ordinem
1176 3835 1279 3891 auum,

177 3993 185 4024 ¹
203 3992 325 4055 Irucpm
342 4007 390 4039 acra
400 3991 460 4040 actia
469 3997 524 4053 apte
538 3990 680 4051 κατόρθωμα
777 3986 788 4020 ²
801 3988 900 4037 Cannu.
910 3988 960 4037 and
967 3989 1024 4049 An,
1033 3989 1079 4038 but
1085 3990 1165 4039 Voss.
1171 3990 1278 4053 primm

127 4075 163 4124 ccl
180 4075 328 4136 κατόρθωσιν
345 4074 452 4132 πολέμου
468 4071 537 4121 curiit
553 4071 611 4121 belli
627 4087 679 4120 cor·
777 4069 788 4103 ³
805 4071 848 4134 qui
862 4072 938 4121 isuct
949 4073 975 4121 in
988 4073 1031 4122 the
1042 4073 1087 4122 Cn.
1099 4089 1128 4122 or
1138 4074 1189 4122 AB.
1202 4073 1279 4125 MSS.

128 4157 269 4215 rectionem,
280 4169 335 4203 caru
342 4153 425 4216 petias
432 4152 541 4202 bellicum
550 4167 680 4202 successum
730 4153 757 4202 It
768 4153 850 4202 would
860 4154 924 4202 have
934 4171 967 4202 no
978 4155 1047 4218 place
1057 4156 1084 4204 in
1095 4157 1137 4204 the
1149 4156 1239 4206 Greek.

126 4236 256 4298 rigundem
274 4237 378 4293 πόλεμον
392 4234 456 4284 enim
473 4235 624 4296 κατώρθωσε,
639 4234 682 4297 qui
778 4234 900 4285 *ΘΒΜ
921 4237 1006 4285 misses
1028 4237 1071 4286 the
1092 4239 1216 4301 meaning,
1246 4238 1281 4303 by

127 4319 215 4367 bellum
226 4316 344 4366 acuimi
354 4315 469 4365 seneca
480 4315 593 4378 ccasecir:
605 4330 681 4379 pucru-
729 4319 850 4384 applying
866 4324 893 4368 tc
912 4320 955 4368 tha
977 4320 1104 4368 redeemd
1125 4321 1182 4369 that
1199 4320 1281 4370 which

128 4398 261 4447 admodum
273 4405 294 4448 d
309 4398 439 4461 κατορθοῦν
451 4398 607 4459 σωφροσύνην
617 4396 681 4446 idem
729 4401 773 4449 the
782 4401 873 4449 author
881 4417 938 4466 says
949 4401 978 4450 of
985 4402 1028 4449 tbe
1039 4400 1189 4451 Rcdeemer:
1201 4402 1227 4450 in
1238 4402 1283 4452 tha

127 4490 160 4531 eat
189 4481 253 4545 quod
281 4496 360 4530 amau
385 4480 546 4543 ampercrur'oe
573 4495 683 4530 numeror
731 4481 813 4531 Greek
823 4483 924 4532 tharsis
937 4483 1128 4548 ncambiguitp
1147 4484 1185 4532 luc
1198 4485 1212 4534 t
1225 4485 1282 4545 nn·

128 4562 301 4626 implacata.
314 4562 356 4613 lib.
371 4575 389 4612 1.
404 4562 457 4613 obs.
470 4563 494 4613 S.
507 4579 527 4613 c.
538 4577 577 4626 33.
730 4565 779 4614 λων
794 4565 887 4626 γνῶναι
902 4565 985 4625 cub,
1003 4565 1130 4626 tsbpcmm
1143 4567 1261 4625 wicram.
