2954 4986
62 522 116 562 tle.
124 522 151 560 11.
161 522 173 559 l.
184 523 201 559 l.

82 567 126 607 GR
137 568 164 605 11.
175 568 189 605 i.

225 332 290 397 254
675 345 774 397 nens
797 344 924 397 omns

224 512 258 570 et
289 505 375 570 velut
409 505 544 571 inclusos
570 513 604 571 et
633 512 799 570 manentes
828 505 861 568 in
889 503 953 569 suis
985 525 1244 591 unumquemque
1271 528 1384 571 eorum

59 613 210 653 mmm-⁵*
224 606 369 670 confiteri
395 606 566 670 necessitas
591 605 663 679 erit,
687 604 844 669 neminem
870 613 980 669 autem
1005 603 1120 668 horum
1144 604 1289 670 omnium
1314 629 1384 670 esse

227 704 341 769 Deum.
396 704 510 769 Deerit
538 705 621 769 enim
648 705 815 789 unicuique
841 726 951 768 eorum
979 713 1105 789 partem
1134 705 1383 772 minutissimam

225 805 357 870 habenti
392 805 433 868 ad
466 805 735 889 comparationem
765 804 906 868 omnium
937 804 1141 890 reliquorum,
1177 814 1211 870 et
1242 807 1385 871 solvetur

227 904 464 989 omnipotentis
481 905 660 990 appellatio,
678 910 712 969 et
727 903 899 970 necessitas
915 904 978 970 erit
994 904 1027 969 in
1044 903 1246 990 impietatem
1267 908 1384 972 cadere

226 1003 324 1068 talem
341 1026 476 1069 sensum.

711 1188 811 1254 cAP.
838 1187 884 1256 ΙΙ.

224 1316 354 1414 Nep-ne
380 1316 514 1390 iterum
543 1315 584 1390 in
613 1315 662 1390 iis
686 1343 764 1415 qnoe
790 1316 1018 1392 continentur
1048 1345 1074 1392 o
1103 1319 1233 1410 Patre,
1264 1319 1385 1394 diam

301 1433 485 1533 quendem
501 1433 711 1533 fabricasse
735 1435 830 1509 bunc
856 1433 1034 1510 nomem
1045 1464 1058 1519 ,·
1083 1462 1197 1535 neque
1223 1437 1384 1513 Patrem

296 1579 369 1650 per
404 1550 483 1626 alin
518 1551 749 1626 nclnoinr'cnln
780 1578 872 1644 enm,
900 1578 978 1651 qnoe
1004 1551 1204 1629 secandam
1229 1581 1297 1630 nos
1322 1570 1381 1647 est,

288 1668 422 1767 feer'sse
448 1667 696 1757 conditionem,
722 1667 787 1743 sed
809 1683 951 1744 tantum
970 1696 1044 1768 per
1067 1670 1226 1746 Verbum
1249 1699 1380 1749 snum:

300 1814 371 1861 esse
404 1801 526 1861 autern
558 1786 792 1861 Conditorem
826 1813 909 1861 enm
938 1787 1003 1886 qni
1035 1801 1085 1863 est
1114 1815 1226 1888 snper
1256 1791 1385 1866 ornarit

302 1905 405 1979 Dens
416 1936 427 1990 ;
463 1918 495 1979 et
526 1904 649 2004 ipsam
673 1905 830 1979 Patrem
860 1931 931 1980 esse
956 1904 1114 1980 Domini
1146 1907 1264 1982 nostri
1288 1908 1384 1983 Jesn

305 2022 450 2097 Otn'ni.

303 2181 332 2241 1.
384 2178 451 2255 Qm
477 2186 584 2243 autem
604 2179 645 2243 ab
661 2178 780 2264 angelis
801 2180 954 2244 mundum
977 2179 1089 2245 dicunt
1110 2178 1315 2258 fabricatum,
1333 2184 1382 2249 vel

228 2280 270 2344 ab
287 2278 349 2343 alio
367 2280 504 2365 quodam
522 2278 632 2342 mundi
655 2279 857 2354 fabricatore,
876 2286 996 2365 praeter
1017 2279 1213 2345 sententiam
1234 2282 1305 2365 ejus
1328 2284 1382 2369 qui

228 2401 324 2464 super
350 2378 456 2444 omnia
485 2379 583 2444 Pater
607 2385 665 2453 est,
695 2378 797 2463 primo
825 2378 953 2464 quidem
984 2401 1024 2443 ex
1053 2381 1113 2444 hoo
1137 2379 1206 2464 ipso
1234 2390 1381 2465 peccant,

229 2485 349 2564 praeter
378 2478 574 2543 voluntatem
604 2478 697 2563 primi
727 2477 789 2543 Dei
815 2479 913 2544 talem
940 2485 974 2545 et
1003 2485 1130 2544 tantam
1164 2480 1382 2546 conditionem

230 2577 358 2664 angelos
385 2578 495 2642 fecisse
527 2577 686 2643 dicentes:
718 2579 807 2662 quasi
834 2578 1024 2644 efficaciores
1057 2579 1122 2645 sint
1148 2580 1254 2665 angeli
1286 2604 1382 2667 quam

231 2675 330 2754 Deus,
342 2682 399 2741 aut
412 2699 520 2742 rursus
536 2676 625 2763 quasi
636 2676 687 2742 ille
704 2677 865 2764 negligens
882 2679 935 2753 sit,
951 2687 1008 2743 aut
1021 2678 1124 2744 minor
1140 2678 1311 2755 exsistens,
1325 2689 1382 2747 aut

229 2775 348 2840 nullam
365 2798 474 2840 curam
491 2777 612 2842 habens
629 2799 737 2842 eorum
756 2799 826 2861 quae
844 2777 877 2841 in
894 2778 1030 2864 propriis
1045 2778 1143 2864 ipsius
1155 2780 1247 2853 fiant,
1257 2789 1383 2846 utrum·

228 2897 303 2940 nam
320 2875 402 2939 male
425 2898 467 2940 an
490 2877 570 2941 bene
594 2877 683 2953 fiant,
701 2884 739 2942 ut
758 2876 835 2942 illud
854 2878 982 2963 quidem
1000 2879 1130 2964 dissipet
1148 2888 1182 2944 et
1199 2880 1381 2964 prohibeat,

228 2976 365 3042 alterum
380 2983 489 3040 autem
506 2976 615 3040 laudet
633 2984 666 3041 et
683 2977 841 3064 gaudeat:
859 2977 919 3041 hoc
935 2984 1044 3042 autem
1060 3000 1100 3042 ne
1112 2979 1234 3043 homini
1251 2981 1382 3065 quidem

227 3077 336 3141 solerti
353 3077 491 3162 applicet
514 3076 593 3162 quis,
613 3076 867 3163 'quantomagis
885 3074 978 3142 Deo?
1023 3076 1103 3142 Post
1128 3079 1245 3144 deinde
1272 3080 1383 3146 dicant

227 3176 327 3251 nobis,
348 3175 543 3242 Utrumnam
561 3176 595 3240 in
619 3176 668 3240 his
689 3199 759 3262 quae
776 3176 886 3241 abillo
904 3176 1117 3253 continentur,
1135 3186 1169 3243 et
1186 3177 1221 3242 in
1243 3180 1383 3266 propriis

227 3276 304 3361 ejus,
326 3276 483 3342 fabricata
508 3283 583 3341 sunt
608 3277 688 3355 haec,
714 3297 755 3341 an
778 3275 811 3339 in
836 3276 946 3341 alienis
970 3283 1004 3341 et
1030 3284 1124 3342 extra
1149 3299 1224 3342 eum
1246 3279 1383 3364 positis!

228 3374 293 3440 Sed
316 3376 343 3438 si
371 3375 496 3459 quidem
532 3375 640 3441 dicant
669 3383 762 3441 extra
791 3397 873 3456 eum,
908 3375 1053 3441 similiter
1086 3377 1194 3442 omnia
1222 3379 1383 3465 praedicta

226 3473 478 3540 inconvenientia
503 3484 670 3540 occurrent
695 3475 750 3555 eis,
768 3482 802 3540 et
824 3475 1004 3541 includetur
1026 3475 1146 3562 primns
1164 3475 1255 3543 Deus
1278 3481 1320 3544 ab
1343 3501 1382 3544 eo

227 3571 280 3659 qui
296 3581 391 3638 extra
407 3596 480 3637 eum
493 3582 551 3652 est,
570 3575 602 3637 in
620 3599 682 3660 quo
700 3582 733 3640 et
752 3575 893 3640 desinere
910 3597 983 3640 eum
999 3597 1126 3641 necesse
1143 3577 1216 3642 erit.

304 3677 333 3739 2.
386 3672 421 3737 Si
447 3682 554 3739 autem
577 3675 610 3738 in
636 3675 744 3750 illius²,
770 3675 862 3740 valde
886 3697 1003 3740 vanum
1024 3675 1087 3741 erit
1108 3683 1229 3762 praeter
1254 3684 1383 3743 senten·

227 3771 307 3836 tiam
327 3775 404 3858 ejus,
423 3773 455 3837 in
479 3775 546 3859 ejus
572 3774 716 3860 propriis,
735 3776 776 3839 ab
795 3775 915 3862 angelis
938 3782 972 3840 et
991 3775 1067 3861 ipsis
1088 3776 1236 3862 quisunt
1255 3779 1382 3864 ³potes-

226 3870 304 3937 tatis
321 3872 399 3957 ejus,
415 3880 472 3938 aut
495 3875 535 3938 ab
558 3875 619 3938 alio
642 3875 780 3960 quodam
797 3875 902 3940 dicere
922 3875 1114 3940 fabricatum
1130 3898 1198 3941 esse
1215 3878 1382 3954 mundum,

224 3977 284 4037 aut
313 3971 403 4057 quasi
432 3993 496 4036 non
528 3973 635 4038 omnia
665 3973 837 4060 prospiciat
864 3974 940 4060 ipse,
971 3997 1042 4060 quae
1076 3976 1142 4040 sint
1175 3976 1210 4040 in
1241 3979 1318 4053 suis,
1347 3993 1384 4044 ut

274 4139 284 4172 ¹
301 4147 390 4204 querito
404 4139 489 4200 magis,
503 4140 630 4204 following
640 4143 684 4190 the
695 4142 777 4191 Greek
827 4160 875 4192 των
890 4144 1019 4205 ἐρῤωμένην
1039 4146 1084 4204 τὴν
1105 4145 1218 4207 διάνοιαν,
1233 4147 1328 4208 μήτιγε
1344 4149 1385 4196 ἐπὶ

221 4223 401 4281 construction,
412 4221 458 4270 but
468 4223 584 4285 meaning
591 4230 680 4285 praeno
688 4221 776 4271 minue.
827 4226 895 4273 θεοῦ.

223 4304 320 4353 Geren
336 4309 424 4367 quotes
441 4319 457 4351 a
474 4303 567 4351 similar
588 4319 691 4367 passage
712 4303 777 4352 from
875 4303 887 4336 ¹
904 4304 1017 4368 propriis
1043 4306 1064 4354 is
1091 4306 1224 4370 mucelled,
1261 4325 1297 4359 no
1324 4309 1384 4360 MS.

225 4385 393 4434 Emnanlns
405 4386 431 4433 in
442 4385 562 4448 speaking
573 4385 601 4432 of
616 4384 772 4443 Ptolemaeus,
825 4385 870 4434 has
887 4386 914 4434 it

224 4466 448 4515 Hoer.xxxn1.a:
468 4466 547 4514 Τοῦτο
562 4469 604 4514 οὐκ
622 4467 650 4514 br
666 4465 720 4512 οὐδὲ
736 4465 777 4513 en
874 4464 1121 4515 ³thcam.and
1129 4467 1308 4536 naming
1334 4472 1388 4522 Th.

219 4549 348 4616 ἀνθρώπου
358 4550 510 4618 λαμβάνοιτο
518 4550 586 4615 rapt
595 4567 642 4599 τινι
651 4548 699 4596 τῶν
711 4546 775 4607 {xtr-
824 4545 905 4596 Voss
919 4546 976 4597 MS.
988 4547 1034 4596 has
1045 4546 1073 4596 in
1080 4554 1202 4612 polam
