<?xml version="1.0" encoding="UTF-8"?>
<!DOCTYPE html PUBLIC "-//W3C//DTD XHTML 1.0 Transitional//EN"
    "http://www.w3.org/TR/xhtml1/DTD/xhtml1-transitional.dtd">
<html xmlns="http://www.w3.org/1999/xhtml" xml:lang="en" lang="en">
 <head>
  <title>
</title>
<meta http-equiv="Content-Type" content="text/html;charset=utf-8" />
  <meta name='ocr-system' content='tesseract 3.04.00' />
  <meta name='ocr-capabilities' content='ocr_page ocr_carea ocr_par ocr_line ocrx_word'/>
</head>
<body>
  <div class='ocr_page' id='page_1' title='image "./sanctiirenaeiep01harvgoog_0486.png"; bbox 0 0 2954 4986; ppageno 0'>
   <div class='ocr_carea' id='block_1_1' title="bbox 246 349 1010 414">
    <p class='ocr_par' dir='ltr' id='par_1_1' title="bbox 246 349 1010 414">
     <span class='ocr_line' id='line_1_1' title="bbox 246 349 1010 414; baseline -0.003 0"><span class='ocrx_word' id='word_1_1' title='bbox 246 349 313 414; x_wconf 78' lang='lat'><strong>264</strong></span> <span class='ocrx_word' id='word_1_2' title='bbox 632 359 816 414; x_wconf 71' lang='lat' dir='ltr'><strong>Pannona</strong></span> <span class='ocrx_word' id='word_1_3' title='bbox 839 359 917 414; x_wconf 86' lang='lat' dir='ltr'><strong>NON</strong></span> <span class='ocrx_word' id='word_1_4' title='bbox 942 359 1010 413; x_wconf 80' lang='lat' dir='ltr'><strong>EST</strong></span> 
     </span>
    </p>
   </div>
   <div class='ocr_carea' id='block_1_2' title="bbox 79 519 1466 4303">
    <p class='ocr_par' dir='ltr' id='par_1_2' title="bbox 79 519 1401 627">
     <span class='ocr_line' id='line_1_2' title="bbox 79 519 1401 627; baseline -0.002 -38"><span class='ocrx_word' id='word_1_5' title='bbox 79 542 212 627; x_wconf 54' lang='lat' dir='ltr'><strong>cffiJJ-Jv13</strong></span> <span class='ocrx_word' id='word_1_6' title='bbox 182 542 235 580; x_wconf 64' lang='lat' dir='ltr'><strong>aa</strong></span> <span class='ocrx_word' id='word_1_7' title='bbox 250 533 300 590; x_wconf 91' lang='lat' dir='ltr'><strong>rat</strong></span> <span class='ocrx_word' id='word_1_8' title='bbox 303 525 333 590; x_wconf 91' lang='lat' dir='ltr'><strong>io</strong></span> <span class='ocrx_word' id='word_1_9' title='bbox 286 524 524 590; x_wconf 71' lang='grc' dir='ltr'><strong>ιιιιοιιιῦιιιιι</strong></span> <span class='ocrx_word' id='word_1_10' title='bbox 532 524 632 589; x_wconf 90' lang='lat' dir='ltr'><strong>infixa</strong></span> <span class='ocrx_word' id='word_1_11' title='bbox 642 528 769 589; x_wconf 89' lang='lat' dir='ltr'><strong>moveat</strong></span> <span class='ocrx_word' id='word_1_12' title='bbox 785 544 823 587; x_wconf 88' lang='lat' dir='ltr'><strong>ea</strong></span> <span class='ocrx_word' id='word_1_13' title='bbox 840 529 873 588; x_wconf 92' lang='lat' dir='ltr'><strong>et</strong></span> <span class='ocrx_word' id='word_1_14' title='bbox 888 519 1052 587; x_wconf 81' lang='lat' dir='ltr'>revelet</span> <span class='ocrx_word' id='word_1_15' title='bbox 1025 543 1080 597; x_wconf 82' lang='lat' dir='ltr'><strong>ers,</strong></span> <span class='ocrx_word' id='word_1_16' title='bbox 1095 521 1248 606; x_wconf 90' lang='lat' dir='ltr'><strong>quoniam</strong></span> <span class='ocrx_word' id='word_1_17' title='bbox 1258 530 1308 587; x_wconf 87' lang='lat' dir='ltr'><strong>est</strong></span> <span class='ocrx_word' id='word_1_18' title='bbox 1324 544 1401 587; x_wconf 87' lang='lat' dir='ltr'><strong>unus</strong></span> 
     </span>
    </p>

    <p class='ocr_par' dir='ltr' id='par_1_3' title="bbox 84 623 694 720">
     <span class='ocr_line' id='line_1_3' title="bbox 84 623 694 720; baseline -0.005 -30"><span class='ocrx_word' id='word_1_19' title='bbox 84 635 165 720; x_wconf 52' lang='lat' dir='ltr'>“ASSJ</span> <span class='ocrx_word' id='word_1_20' title='bbox 165 635 201 720; x_wconf 30' lang='lat'>&#39;·11</span> <span class='ocrx_word' id='word_1_21' title='bbox 209 624 350 700; x_wconf 71' lang='lat' dir='ltr'><strong>*·Deus</strong></span> <span class='ocrx_word' id='word_1_22' title='bbox 368 625 509 690; x_wconf 90' lang='lat' dir='ltr'><strong>omnium</strong></span> <span class='ocrx_word' id='word_1_23' title='bbox 528 623 694 688; x_wconf 78' lang='lat' dir='ltr'><strong>Dominus.</strong></span> 
     </span>
    </p>

    <p class='ocr_par' dir='ltr' id='par_1_4' title="bbox 87 721 1404 2304">
     <span class='ocr_line' id='line_1_4' title="bbox 87 721 1402 811; baseline -0.003 -21"><span class='ocrx_word' id='word_1_24' title='bbox 87 756 154 763; x_wconf 91' lang='grc'>-</span> <span class='ocrx_word' id='word_1_25' title='bbox 157 752 236 762; x_wconf 90' lang='grc'><em>······</em></span> <span class='ocrx_word' id='word_1_26' title='bbox 326 727 355 790; x_wconf 91' lang='grc'><strong>6.</strong></span> <span class='ocrx_word' id='word_1_27' title='bbox 409 725 455 789; x_wconf 88' lang='lat' dir='ltr'><strong>Et</strong></span> <span class='ocrx_word' id='word_1_28' title='bbox 470 732 565 811; x_wconf 90' lang='lat' dir='ltr'><strong>propt</strong></span> <span class='ocrx_word' id='word_1_29' title='bbox 567 746 601 788; x_wconf 89' lang='lat' dir='ltr'><strong>er</strong></span> <span class='ocrx_word' id='word_1_30' title='bbox 552 725 686 789; x_wconf 90' lang='lat' dir='ltr'><strong>thoe</strong></span> <span class='ocrx_word' id='word_1_31' title='bbox 705 722 857 788; x_wconf 83' lang='lat' dir='ltr'><strong>Altissimi</strong></span> <span class='ocrx_word' id='word_1_32' title='bbox 879 728 913 787; x_wconf 89' lang='lat' dir='ltr'><strong>et</strong></span> <span class='ocrx_word' id='word_1_33' title='bbox 930 721 1169 808; x_wconf 88' lang='lat' dir='ltr'><strong>Omnipotentis</strong></span> <span class='ocrx_word' id='word_1_34' title='bbox 1195 722 1402 808; x_wconf 80' lang='lat' dir='ltr'>appellationi</span> 
     </span>
     <span class='ocr_line' id='line_1_5' title="bbox 250 822 1402 910; baseline -0.002 -21"><span class='ocrx_word' id='word_1_35' title='bbox 250 825 357 890; x_wconf 91' lang='lat' dir='ltr'><strong>omnia</strong></span> <span class='ocrx_word' id='word_1_36' title='bbox 373 825 496 910; x_wconf 87' lang='lat' dir='ltr'><strong>subject</strong></span> <span class='ocrx_word' id='word_1_37' title='bbox 498 846 518 888; x_wconf 88' lang='lat' dir='ltr'><strong>a</strong></span> <span class='ocrx_word' id='word_1_38' title='bbox 542 831 617 888; x_wconf 91' lang='lat' dir='ltr'><strong>sunt</strong></span> <span class='ocrx_word' id='word_1_39' title='bbox 624 849 632 888; x_wconf 78' lang='grc' dir='ltr'><strong>ι</strong></span> <span class='ocrx_word' id='word_1_40' title='bbox 650 832 684 888; x_wconf 90' lang='lat' dir='ltr'><strong>et</strong></span> <span class='ocrx_word' id='word_1_41' title='bbox 699 823 794 908; x_wconf 91' lang='lat' dir='ltr'><strong>hujus</strong></span> <span class='ocrx_word' id='word_1_42' title='bbox 806 822 1004 887; x_wconf 90' lang='lat' dir='ltr'><strong>invocatione</strong></span> <span class='ocrx_word' id='word_1_43' title='bbox 1022 823 1120 887; x_wconf 88' lang='lat' dir='ltr'><strong>etiam</strong></span> <span class='ocrx_word' id='word_1_44' title='bbox 1133 831 1211 887; x_wconf 89' lang='lat' dir='ltr'><strong>ante</strong></span> <span class='ocrx_word' id='word_1_45' title='bbox 1229 824 1402 887; x_wconf 87' lang='lat' dir='ltr'><strong>adventum</strong></span> 
     </span>
     <span class='ocr_line' id='line_1_6' title="bbox 253 921 1402 1007; baseline -0.002 -18"><span class='ocrx_word' id='word_1_46' title='bbox 253 923 382 989; x_wconf 87' lang='lat' dir='ltr'><strong>Domini</strong></span> <span class='ocrx_word' id='word_1_47' title='bbox 396 925 498 990; x_wconf 78' lang='lat' dir='ltr'>nostri</span> <span class='ocrx_word' id='word_1_48' title='bbox 510 924 716 988; x_wconf 76' lang='lat' dir='ltr'>salvabantur</span> <span class='ocrx_word' id='word_1_49' title='bbox 727 923 878 996; x_wconf 88' lang='lat' dir='ltr'><strong>homines,</strong></span> <span class='ocrx_word' id='word_1_50' title='bbox 893 935 927 988; x_wconf 89' lang='lat' dir='ltr'><strong>ct</strong></span> <span class='ocrx_word' id='word_1_51' title='bbox 936 945 956 986; x_wconf 93' lang='lat' dir='ltr'><strong>a</strong></span> <span class='ocrx_word' id='word_1_52' title='bbox 968 921 1133 1007; x_wconf 89' lang='lat' dir='ltr'><strong>spiritibus</strong></span> <span class='ocrx_word' id='word_1_53' title='bbox 1144 922 1357 1007; x_wconf 79' lang='lat' dir='ltr'><strong>nequissimis,</strong></span> <span class='ocrx_word' id='word_1_54' title='bbox 1371 932 1402 987; x_wconf 90' lang='lat' dir='ltr'><strong>et</strong></span> 
     </span>
     <span class='ocr_line' id='line_1_7' title="bbox 252 1021 1403 1107; baseline -0.001 -19"><span class='ocrx_word' id='word_1_55' title='bbox 252 1024 441 1089; x_wconf 87' lang='lat' dir='ltr'><strong>adaemoniis</strong></span> <span class='ocrx_word' id='word_1_56' title='bbox 452 1022 612 1098; x_wconf 89' lang='lat' dir='ltr'><strong>universis,</strong></span> <span class='ocrx_word' id='word_1_57' title='bbox 625 1032 658 1087; x_wconf 91' lang='lat' dir='ltr'><strong>et</strong></span> <span class='ocrx_word' id='word_1_58' title='bbox 669 1023 709 1087; x_wconf 87' lang='lat' dir='ltr'><strong>ab</strong></span> <span class='ocrx_word' id='word_1_59' title='bbox 720 1021 896 1107; x_wconf 71' lang='lat' dir='ltr'><strong>&#39;apostasia</strong></span> <span class='ocrx_word' id='word_1_60' title='bbox 906 1022 1062 1086; x_wconf 87' lang='lat' dir='ltr'><strong>universa:</strong></span> <span class='ocrx_word' id='word_1_61' title='bbox 1078 1044 1143 1085; x_wconf 90' lang='lat' dir='ltr'><strong>non</strong></span> <span class='ocrx_word' id='word_1_62' title='bbox 1155 1022 1247 1106; x_wconf 86' lang='lat' dir='ltr'><strong>quasi</strong></span> <span class='ocrx_word' id='word_1_63' title='bbox 1253 1023 1403 1087; x_wconf 91' lang='lat' dir='ltr'><strong>vidissent</strong></span> 
     </span>
     <span class='ocr_line' id='line_1_8' title="bbox 253 1121 1401 1208; baseline -0.003 -19"><span class='ocrx_word' id='word_1_64' title='bbox 253 1146 326 1189; x_wconf 88' lang='lat' dir='ltr'><strong>eum</strong></span> <span class='ocrx_word' id='word_1_65' title='bbox 339 1123 459 1189; x_wconf 89' lang='lat' dir='ltr'><strong>terreni</strong></span> <span class='ocrx_word' id='word_1_66' title='bbox 475 1123 606 1208; x_wconf 85' lang='lat' dir='ltr'><strong>spiritus</strong></span> <span class='ocrx_word' id='word_1_67' title='bbox 622 1130 679 1187; x_wconf 93' lang='lat' dir='ltr'><strong>aut</strong></span> <span class='ocrx_word' id='word_1_68' title='bbox 696 1123 865 1196; x_wconf 74' lang='lat' dir='ltr'><strong>daemones,</strong></span> <span class='ocrx_word' id='word_1_69' title='bbox 877 1123 934 1186; x_wconf 91' lang='lat' dir='ltr'><strong>sed</strong></span> <span class='ocrx_word' id='word_1_70' title='bbox 951 1144 1022 1186; x_wconf 91' lang='lat' dir='ltr'><strong>cnm</strong></span> <span class='ocrx_word' id='word_1_71' title='bbox 1037 1122 1157 1186; x_wconf 89' lang='lat' dir='ltr'><strong>scirent</strong></span> <span class='ocrx_word' id='word_1_72' title='bbox 1172 1121 1328 1207; x_wconf 89' lang='lat' dir='ltr'><strong>quoniam</strong></span> <span class='ocrx_word' id='word_1_73' title='bbox 1345 1131 1401 1200; x_wconf 90' lang='lat' dir='ltr'><strong>est,</strong></span> 
     </span>
     <span class='ocr_line' id='line_1_9' title="bbox 254 1220 1403 1309; baseline -0.001 -22"><span class='ocrx_word' id='word_1_74' title='bbox 254 1224 308 1309; x_wconf 92' lang='lat' dir='ltr'><strong>qui</strong></span> <span class='ocrx_word' id='word_1_75' title='bbox 326 1232 375 1288; x_wconf 93' lang='lat' dir='ltr'><strong>est</strong></span> <span class='ocrx_word' id='word_1_76' title='bbox 392 1222 610 1307; x_wconf 90' lang='lat' dir='ltr'><strong>superomnia</strong></span> <span class='ocrx_word' id='word_1_77' title='bbox 628 1220 726 1298; x_wconf 91' lang='lat' dir='ltr'><strong>Dens,</strong></span> <span class='ocrx_word' id='word_1_78' title='bbox 742 1221 832 1306; x_wconf 89' lang='lat' dir='ltr'><strong>cujus</strong></span> <span class='ocrx_word' id='word_1_79' title='bbox 857 1230 891 1286; x_wconf 88' lang='lat' dir='ltr'><strong>et</strong></span> <span class='ocrx_word' id='word_1_80' title='bbox 908 1221 1139 1287; x_wconf 78' lang='lat' dir='ltr'><strong>invocationem</strong></span> <span class='ocrx_word' id='word_1_81' title='bbox 1158 1222 1354 1300; x_wconf 89' lang='lat' dir='ltr'><strong>tremebant,</strong></span> <span class='ocrx_word' id='word_1_82' title='bbox 1372 1238 1403 1286; x_wconf 86' lang='lat' dir='ltr'><strong>et</strong></span> 
     </span>
     <span class='ocr_line' id='line_1_10' title="bbox 254 1321 1403 1407; baseline -0.002 -19"><span class='ocrx_word' id='word_1_83' title='bbox 254 1322 366 1389; x_wconf 90' lang='lat' dir='ltr'><strong>tremit</strong></span> <span class='ocrx_word' id='word_1_84' title='bbox 390 1322 537 1386; x_wconf 88' lang='lat' dir='ltr'><strong>universa</strong></span> <span class='ocrx_word' id='word_1_85' title='bbox 561 1328 709 1386; x_wconf 87' lang='lat' dir='ltr'><strong>creatura</strong></span> <span class='ocrx_word' id='word_1_86' title='bbox 733 1329 768 1386; x_wconf 92' lang='lat' dir='ltr'><strong>et</strong></span> <span class='ocrx_word' id='word_1_87' title='bbox 791 1321 988 1407; x_wconf 75' lang='lat' dir='ltr'><strong>principatus</strong></span> <span class='ocrx_word' id='word_1_88' title='bbox 1014 1331 1048 1387; x_wconf 89' lang='lat' dir='ltr'><strong>et</strong></span> <span class='ocrx_word' id='word_1_89' title='bbox 1071 1321 1219 1405; x_wconf 90' lang='lat' dir='ltr'><strong>potentia</strong></span> <span class='ocrx_word' id='word_1_90' title='bbox 1241 1328 1276 1385; x_wconf 88' lang='lat' dir='ltr'><strong>et</strong></span> <span class='ocrx_word' id='word_1_91' title='bbox 1304 1322 1403 1386; x_wconf 86' lang='lat' dir='ltr'><strong>omnis</strong></span> 
     </span>
     <span class='ocr_line' id='line_1_11' title="bbox 254 1419 1404 1506; baseline -0.002 -19"><span class='ocrx_word' id='word_1_92' title='bbox 254 1423 400 1503; x_wconf 87' lang='lat' dir='ltr'><strong>subjecta</strong></span> <span class='ocrx_word' id='word_1_93' title='bbox 415 1421 525 1485; x_wconf 89' lang='lat' dir='ltr'><strong>virtus.</strong></span> <span class='ocrx_word' id='word_1_94' title='bbox 578 1422 649 1486; x_wconf 88' lang='lat' dir='ltr'><strong>Ant</strong></span> <span class='ocrx_word' id='word_1_95' title='bbox 666 1421 808 1506; x_wconf 93' lang='lat' dir='ltr'><strong>nunquid</strong></span> <span class='ocrx_word' id='word_1_96' title='bbox 823 1421 856 1485; x_wconf 91' lang='lat' dir='ltr'><strong>hi</strong></span> <span class='ocrx_word' id='word_1_97' title='bbox 874 1421 928 1506; x_wconf 92' lang='lat' dir='ltr'><strong>qui</strong></span> <span class='ocrx_word' id='word_1_98' title='bbox 948 1421 1008 1485; x_wconf 92' lang='lat' dir='ltr'><strong>sub</strong></span> <span class='ocrx_word' id='word_1_99' title='bbox 1026 1420 1249 1484; x_wconf 90' lang='lat' dir='ltr'><strong>Romanorum</strong></span> <span class='ocrx_word' id='word_1_100' title='bbox 1272 1419 1404 1506; x_wconf 90' lang='lat' dir='ltr'><strong>imperio</strong></span> 
     </span>
     <span class='ocr_line' id='line_1_12' title="bbox 254 1520 1404 1606; baseline -0.002 -20"><span class='ocrx_word' id='word_1_101' title='bbox 254 1530 340 1600; x_wconf 90' lang='lat' dir='ltr'><strong>sunt,</strong></span> <span class='ocrx_word' id='word_1_102' title='bbox 361 1521 502 1606; x_wconf 89' lang='lat' dir='ltr'><strong>quamvis</strong></span> <span class='ocrx_word' id='word_1_103' title='bbox 519 1543 681 1606; x_wconf 92' lang='lat' dir='ltr'><strong>nunquam</strong></span> <span class='ocrx_word' id='word_1_104' title='bbox 698 1520 835 1586; x_wconf 90' lang='lat' dir='ltr'><strong>viderint</strong></span> <span class='ocrx_word' id='word_1_105' title='bbox 854 1520 1094 1606; x_wconf 83' lang='lat' dir='ltr'><strong>Imperatorem,</strong></span> <span class='ocrx_word' id='word_1_106' title='bbox 1112 1520 1169 1584; x_wconf 86' lang='lat' dir='ltr'><strong>sed</strong></span> <span class='ocrx_word' id='word_1_107' title='bbox 1186 1520 1281 1584; x_wconf 88' lang='lat' dir='ltr'><strong>valde</strong></span> <span class='ocrx_word' id='word_1_108' title='bbox 1299 1528 1334 1585; x_wconf 91' lang='lat' dir='ltr'><strong>et</strong></span> <span class='ocrx_word' id='word_1_109' title='bbox 1351 1544 1404 1606; x_wconf 91' lang='lat' dir='ltr'><strong>per</strong></span> 
     </span>
     <span class='ocr_line' id='line_1_13' title="bbox 256 1620 1403 1706; baseline -0.004 -18"><span class='ocrx_word' id='word_1_110' title='bbox 256 1629 386 1700; x_wconf 89' lang='lat' dir='ltr'><strong>terram,</strong></span> <span class='ocrx_word' id='word_1_111' title='bbox 405 1629 439 1684; x_wconf 91' lang='lat' dir='ltr'><strong>et</strong></span> <span class='ocrx_word' id='word_1_112' title='bbox 457 1643 514 1705; x_wconf 91' lang='lat' dir='ltr'><strong>per</strong></span> <span class='ocrx_word' id='word_1_113' title='bbox 529 1642 617 1684; x_wconf 86' lang='lat' dir='ltr'><strong>mare</strong></span> <span class='ocrx_word' id='word_1_114' title='bbox 641 1620 781 1706; x_wconf 85' lang='lat' dir='ltr'><strong>separati</strong></span> <span class='ocrx_word' id='word_1_115' title='bbox 802 1621 843 1684; x_wconf 91' lang='lat' dir='ltr'><strong>ab</strong></span> <span class='ocrx_word' id='word_1_116' title='bbox 865 1643 913 1697; x_wconf 91' lang='lat' dir='ltr'><strong>eo,</strong></span> <span class='ocrx_word' id='word_1_117' title='bbox 932 1626 1123 1705; x_wconf 92' lang='lat' dir='ltr'><strong>cognoscent</strong></span> <span class='ocrx_word' id='word_1_118' title='bbox 1146 1628 1283 1704; x_wconf 88' lang='lat' dir='ltr'><strong>propter</strong></span> <span class='ocrx_word' id='word_1_119' title='bbox 1308 1621 1403 1685; x_wconf 89' lang='lat' dir='ltr'><strong>domi·</strong></span> 
     </span>
     <span class='ocr_line' id='line_1_14' title="bbox 256 1719 1402 1806; baseline 0 -22"><span class='ocrx_word' id='word_1_120' title='bbox 256 1721 344 1786; x_wconf 92' lang='lat' dir='ltr'><strong>nium</strong></span> <span class='ocrx_word' id='word_1_121' title='bbox 374 1743 446 1784; x_wconf 90' lang='lat' dir='ltr'><strong>eum</strong></span> <span class='ocrx_word' id='word_1_122' title='bbox 475 1721 528 1804; x_wconf 92' lang='lat' dir='ltr'><strong>qui</strong></span> <span class='ocrx_word' id='word_1_123' title='bbox 555 1720 725 1785; x_wconf 81' lang='lat' dir='ltr'><strong>maximam</strong></span> <span class='ocrx_word' id='word_1_124' title='bbox 753 1727 947 1805; x_wconf 88' lang='lat' dir='ltr'><strong>potestatem</strong></span> <span class='ocrx_word' id='word_1_125' title='bbox 973 1720 1071 1784; x_wconf 89' lang='lat' dir='ltr'><strong>habet</strong></span> <span class='ocrx_word' id='word_1_126' title='bbox 1099 1719 1318 1804; x_wconf 84' lang='lat' dir='ltr'><strong>principatus3</strong></span> <span class='ocrx_word' id='word_1_127' title='bbox 1354 1720 1402 1806; x_wconf 93' lang='lat' dir='ltr'><strong>qui</strong></span> 
     </span>
     <span class='ocr_line' id='line_1_15' title="bbox 256 1819 1403 1907; baseline -0.003 -21"><span class='ocrx_word' id='word_1_128' title='bbox 256 1829 366 1886; x_wconf 89' lang='lat' dir='ltr'><strong>antem</strong></span> <span class='ocrx_word' id='word_1_129' title='bbox 383 1843 477 1905; x_wconf 89' lang='lat' dir='ltr'><strong>super</strong></span> <span class='ocrx_word' id='word_1_130' title='bbox 494 1843 551 1884; x_wconf 92' lang='lat' dir='ltr'><strong>nos</strong></span> <span class='ocrx_word' id='word_1_131' title='bbox 568 1828 661 1885; x_wconf 87' lang='lat' dir='ltr'><strong>erant</strong></span> <span class='ocrx_word' id='word_1_132' title='bbox 678 1820 793 1907; x_wconf 87' lang='lat' dir='ltr'><strong>angeli,</strong></span> <span class='ocrx_word' id='word_1_133' title='bbox 812 1820 860 1884; x_wconf 90' lang='lat' dir='ltr'><strong>vel</strong></span> <span class='ocrx_word' id='word_1_134' title='bbox 875 1820 927 1884; x_wconf 92' lang='lat' dir='ltr'><strong>ille</strong></span> <span class='ocrx_word' id='word_1_135' title='bbox 940 1841 1033 1906; x_wconf 91' lang='lat' dir='ltr'><strong>quem</strong></span> <span class='ocrx_word' id='word_1_136' title='bbox 1051 1819 1161 1883; x_wconf 91' lang='lat' dir='ltr'><strong>mundi</strong></span> <span class='ocrx_word' id='word_1_137' title='bbox 1179 1820 1403 1885; x_wconf 81' lang='lat' dir='ltr'><strong>fabricatorem</strong></span> 
     </span>
     <span class='ocr_line' id='line_1_16' title="bbox 257 1919 1404 2006; baseline 0.001 -22"><span class='ocrx_word' id='word_1_138' title='bbox 257 1921 377 1994; x_wconf 90' lang='lat' dir='ltr'><strong>dicunt,</strong></span> <span class='ocrx_word' id='word_1_139' title='bbox 404 1941 468 1983; x_wconf 93' lang='lat' dir='ltr'><strong>non</strong></span> <span class='ocrx_word' id='word_1_140' title='bbox 494 1928 685 2006; x_wconf 84' lang='lat' dir='ltr'><strong>cognoscent</strong></span> <span class='ocrx_word' id='word_1_141' title='bbox 713 1919 974 2005; x_wconf 90' lang='lat' dir='ltr'><strong>omnipotentem,</strong></span> <span class='ocrx_word' id='word_1_142' title='bbox 1001 1920 1128 2005; x_wconf 86' lang='lat' dir='ltr'><strong>quando</strong></span> <span class='ocrx_word' id='word_1_143' title='bbox 1152 1920 1222 2005; x_wconf 91' lang='lat' dir='ltr'><strong>jam</strong></span> <span class='ocrx_word' id='word_1_144' title='bbox 1256 1932 1292 1984; x_wconf 86' lang='lat' dir='ltr'><strong>et</strong></span> <span class='ocrx_word' id='word_1_145' title='bbox 1319 1930 1404 1985; x_wconf 91' lang='lat' dir='ltr'><strong>muta</strong></span> 
     </span>
     <span class='ocr_line' id='line_1_17' title="bbox 257 2017 1404 2105; baseline -0.003 -20"><span class='ocrx_word' id='word_1_146' title='bbox 257 2019 406 2085; x_wconf 86' lang='lat' dir='ltr'><strong>animalia</strong></span> <span class='ocrx_word' id='word_1_147' title='bbox 428 2028 568 2084; x_wconf 88' lang='lat' dir='ltr'><strong>tremant</strong></span> <span class='ocrx_word' id='word_1_148' title='bbox 594 2028 628 2084; x_wconf 89' lang='lat' dir='ltr'><strong>et</strong></span> <span class='ocrx_word' id='word_1_149' title='bbox 655 2021 771 2084; x_wconf 87' lang='lat' dir='ltr'><strong>cedant</strong></span> <span class='ocrx_word' id='word_1_150' title='bbox 792 2018 850 2084; x_wconf 80' lang='lat' dir='ltr'><strong>tali</strong></span> <span class='ocrx_word' id='word_1_151' title='bbox 876 2018 1088 2084; x_wconf 76' lang='lat' dir='ltr'><strong>invocationi!</strong></span> <span class='ocrx_word' id='word_1_152' title='bbox 1139 2017 1185 2083; x_wconf 83' lang='lat' dir='ltr'><strong>Et</strong></span> <span class='ocrx_word' id='word_1_153' title='bbox 1208 2019 1325 2105; x_wconf 87' lang='lat' dir='ltr'><strong>utique</strong></span> <span class='ocrx_word' id='word_1_154' title='bbox 1345 2042 1404 2084; x_wconf 92' lang='lat' dir='ltr'><strong>non</strong></span> 
     </span>
     <span class='ocr_line' id='line_1_18' title="bbox 257 2118 1401 2204; baseline -0.001 -20"><span class='ocrx_word' id='word_1_155' title='bbox 257 2119 405 2184; x_wconf 89' lang='lat' dir='ltr'><strong>viderunt</strong></span> <span class='ocrx_word' id='word_1_156' title='bbox 423 2142 505 2197; x_wconf 85' lang='lat' dir='ltr'><strong>eum,</strong></span> <span class='ocrx_word' id='word_1_157' title='bbox 518 2126 627 2183; x_wconf 90' lang='lat' dir='ltr'><strong>tamen</strong></span> <span class='ocrx_word' id='word_1_158' title='bbox 642 2118 771 2183; x_wconf 90' lang='lat' dir='ltr'><strong>Domini</strong></span> <span class='ocrx_word' id='word_1_159' title='bbox 788 2118 889 2182; x_wconf 89' lang='lat' dir='ltr'><strong>nostri</strong></span> <span class='ocrx_word' id='word_1_160' title='bbox 900 2119 1018 2183; x_wconf 89' lang='lat' dir='ltr'><strong>nomini</strong></span> <span class='ocrx_word' id='word_1_161' title='bbox 1030 2120 1174 2204; x_wconf 88' lang='lat' dir='ltr'><strong>subjecta</strong></span> <span class='ocrx_word' id='word_1_162' title='bbox 1187 2129 1264 2184; x_wconf 92' lang='lat' dir='ltr'><strong>sunt</strong></span> <span class='ocrx_word' id='word_1_163' title='bbox 1281 2120 1401 2184; x_wconf 90' lang='lat' dir='ltr'><strong>omnia:</strong></span> 
     </span>
     <span class='ocr_line' id='line_1_19' title="bbox 257 2219 1403 2304; baseline -0.002 -20"><span class='ocrx_word' id='word_1_164' title='bbox 257 2219 302 2284; x_wconf 88' lang='lat' dir='ltr'><strong>sic</strong></span> <span class='ocrx_word' id='word_1_165' title='bbox 321 2231 354 2284; x_wconf 91' lang='lat' dir='ltr'><strong>et</strong></span> <span class='ocrx_word' id='word_1_166' title='bbox 372 2220 439 2304; x_wconf 85' lang='lat' dir='ltr'><strong>ejus</strong></span> <span class='ocrx_word' id='word_1_167' title='bbox 459 2219 513 2304; x_wconf 89' lang='lat' dir='ltr'><strong>qni</strong></span> <span class='ocrx_word' id='word_1_168' title='bbox 536 2219 642 2283; x_wconf 87' lang='lat' dir='ltr'><strong>omnia</strong></span> <span class='ocrx_word' id='word_1_169' title='bbox 665 2219 740 2284; x_wconf 84' lang='lat' dir='ltr'><strong>lecit</strong></span> <span class='ocrx_word' id='word_1_170' title='bbox 758 2228 791 2284; x_wconf 88' lang='lat' dir='ltr'><strong>et</strong></span> <span class='ocrx_word' id='word_1_171' title='bbox 810 2219 953 2284; x_wconf 86' lang='lat' dir='ltr'><strong>condidit</strong></span> <span class='ocrx_word' id='word_1_172' title='bbox 969 2220 1132 2297; x_wconf 88' lang='lat' dir='ltr'><strong>vocabulo,</strong></span> <span class='ocrx_word' id='word_1_173' title='bbox 1151 2242 1225 2282; x_wconf 90' lang='lat' dir='ltr'><strong>eum</strong></span> <span class='ocrx_word' id='word_1_174' title='bbox 1243 2220 1328 2284; x_wconf 88' lang='lat' dir='ltr'><strong>alter</strong></span> <span class='ocrx_word' id='word_1_175' title='bbox 1345 2242 1403 2284; x_wconf 94' lang='lat' dir='ltr'><strong>non</strong></span> 
     </span>
    </p>

    <p class='ocr_par' dir='ltr' id='par_1_5' title="bbox 93 2318 1403 2416">
     <span class='ocr_line' id='line_1_20' title="bbox 93 2318 1403 2416; baseline -0.001 -32"><span class='ocrx_word' id='word_1_176' title='bbox 93 2329 125 2416; x_wconf 77' lang='lat' dir='ltr'><strong>id</strong></span> <span class='ocrx_word' id='word_1_177' title='bbox 136 2329 167 2369; x_wconf 67' lang='lat'><strong>¹⁴¹¹</strong></span> <span class='ocrx_word' id='word_1_178' title='bbox 152 2340 184 2369; x_wconf 59' lang='grc' dir='ltr'><strong>ιι·</strong></span> <span class='ocrx_word' id='word_1_179' title='bbox 194 2331 222 2370; x_wconf 56' lang='lat'><strong>¹2</strong></span> <span class='ocrx_word' id='word_1_180' title='bbox 258 2319 301 2384; x_wconf 86' lang='lat' dir='ltr'><strong>sit</strong></span> <span class='ocrx_word' id='word_1_181' title='bbox 321 2342 416 2405; x_wconf 88' lang='lat' dir='ltr'><strong>quam</strong></span> <span class='ocrx_word' id='word_1_182' title='bbox 433 2320 499 2404; x_wconf 86' lang='lat' dir='ltr'><strong>ipse</strong></span> <span class='ocrx_word' id='word_1_183' title='bbox 516 2341 568 2404; x_wconf 85' lang='lat' dir='ltr'><strong>qur</strong></span> <span class='ocrx_word' id='word_1_184' title='bbox 559 2318 738 2382; x_wconf 86' lang='lat' dir='ltr'><strong>mundum</strong></span> <span class='ocrx_word' id='word_1_185' title='bbox 756 2318 840 2385; x_wconf 85' lang='lat' dir='ltr'><strong>fecit</strong></span> <span class='ocrx_word' id='word_1_186' title='bbox 892 2318 938 2383; x_wconf 84' lang='lat' dir='ltr'><strong>Et</strong></span> <span class='ocrx_word' id='word_1_187' title='bbox 956 2328 1088 2404; x_wconf 91' lang='lat' dir='ltr'><strong>propter</strong></span> <span class='ocrx_word' id='word_1_188' title='bbox 1104 2319 1164 2383; x_wconf 91' lang='lat' dir='ltr'><strong>hoo</strong></span> <span class='ocrx_word' id='word_1_189' title='bbox 1181 2318 1205 2382; x_wconf 91' lang='lat' dir='ltr'><strong>J</strong></span> <span class='ocrx_word' id='word_1_190' title='bbox 1208 2320 1294 2384; x_wconf 84' lang='lat' dir='ltr'><strong>udaer</strong></span> <span class='ocrx_word' id='word_1_191' title='bbox 1310 2343 1403 2406; x_wconf 86' lang='lat' dir='ltr'><strong>usqne</strong></span> 
     </span>
    </p>

    <p class='ocr_par' dir='ltr' id='par_1_6' title="bbox 93 2418 1466 4303">
     <span class='ocr_line' id='line_1_21' title="bbox 93 2418 1466 2504; baseline -0.003 -21"><span class='ocrx_word' id='word_1_192' title='bbox 93 2423 192 2463; x_wconf 56' lang='grc' dir='ltr'><strong>ΑΜ</strong></span> <span class='ocrx_word' id='word_1_193' title='bbox 204 2423 232 2462; x_wconf 67' lang='lat'><strong>¹²</strong></span> <span class='ocrx_word' id='word_1_194' title='bbox 258 2442 341 2485; x_wconf 90' lang='lat' dir='ltr'><strong>nunc</strong></span> <span class='ocrx_word' id='word_1_195' title='bbox 376 2419 477 2483; x_wconf 88' lang='lat' dir='ltr'><strong>hac</strong></span> <span class='ocrx_word' id='word_1_196' title='bbox 469 2441 538 2504; x_wconf 86' lang='lat' dir='ltr'><strong>rpsa</strong></span> <span class='ocrx_word' id='word_1_197' title='bbox 570 2418 720 2483; x_wconf 84' lang='lat' dir='ltr'><strong>affatione</strong></span> <span class='ocrx_word' id='word_1_198' title='bbox 754 2419 914 2482; x_wconf 79' lang='lat' dir='ltr'><strong>daemonas</strong></span> <span class='ocrx_word' id='word_1_199' title='bbox 951 2419 1102 2504; x_wconf 87' lang='lat' dir='ltr'><strong>effugant,</strong></span> <span class='ocrx_word' id='word_1_200' title='bbox 1137 2420 1267 2504; x_wconf 90' lang='lat' dir='ltr'><strong>quando</strong></span> <span class='ocrx_word' id='word_1_201' title='bbox 1302 2421 1466 2484; x_wconf 78' lang='lat' dir='ltr'><strong>omniseu</strong></span> 
     </span>
     <span class='ocr_line' id='line_1_22' title="bbox 258 2518 1404 2604; baseline 0 -19"><span class='ocrx_word' id='word_1_202' title='bbox 258 2520 394 2586; x_wconf 88' lang='lat' dir='ltr'><strong>timeant</strong></span> <span class='ocrx_word' id='word_1_203' title='bbox 410 2518 641 2582; x_wconf 87' lang='lat' dir='ltr'><strong>invocationem</strong></span> <span class='ocrx_word' id='word_1_204' title='bbox 659 2519 726 2603; x_wconf 90' lang='lat' dir='ltr'><strong>ejus</strong></span> <span class='ocrx_word' id='word_1_205' title='bbox 743 2541 797 2604; x_wconf 83' lang='lat' dir='ltr'><strong>qur</strong></span> <span class='ocrx_word' id='word_1_206' title='bbox 788 2518 890 2583; x_wconf 85' lang='lat' dir='ltr'><strong>lecit</strong></span> <span class='ocrx_word' id='word_1_207' title='bbox 907 2541 954 2584; x_wconf 90' lang='lat' dir='ltr'><strong>ea</strong></span> <span class='ocrx_word' id='word_1_208' title='bbox 997 2518 1057 2582; x_wconf 94' lang='lat' dir='ltr'><strong>Si</strong></span> <span class='ocrx_word' id='word_1_209' title='bbox 1048 2528 1158 2604; x_wconf 81' lang='lat' dir='ltr'><strong>itaque</strong></span> <span class='ocrx_word' id='word_1_210' title='bbox 1174 2520 1273 2585; x_wconf 87' lang='lat' dir='ltr'><strong>mutis</strong></span> <span class='ocrx_word' id='word_1_211' title='bbox 1287 2521 1404 2585; x_wconf 87' lang='lat' dir='ltr'><strong>anima·</strong></span> 
     </span>
     <span class='ocr_line' id='line_1_23' title="bbox 257 2617 1404 2706; baseline 0.001 -22"><span class='ocrx_word' id='word_1_212' title='bbox 257 2619 339 2684; x_wconf 92' lang='lat' dir='ltr'><strong>libus</strong></span> <span class='ocrx_word' id='word_1_213' title='bbox 357 2617 637 2682; x_wconf 87' lang='lat' dir='ltr'><strong>irrationabiliores</strong></span> <span class='ocrx_word' id='word_1_214' title='bbox 652 2618 811 2683; x_wconf 90' lang='lat' dir='ltr'><strong>noluerint</strong></span> <span class='ocrx_word' id='word_1_215' title='bbox 828 2618 956 2704; x_wconf 89' lang='lat' dir='ltr'><strong>angelos</strong></span> <span class='ocrx_word' id='word_1_216' title='bbox 979 2640 1056 2695; x_wconf 91' lang='lat' dir='ltr'><strong>esse,</strong></span> <span class='ocrx_word' id='word_1_217' title='bbox 1072 2618 1235 2684; x_wconf 88' lang='lat' dir='ltr'><strong>invenient</strong></span> <span class='ocrx_word' id='word_1_218' title='bbox 1258 2621 1404 2706; x_wconf 86' lang='lat' dir='ltr'><strong>quoniam</strong></span> 
     </span>
     <span class='ocr_line' id='line_1_24' title="bbox 257 2716 1404 2804; baseline 0.003 -22"><span class='ocrx_word' id='word_1_219' title='bbox 257 2720 438 2802; x_wconf 85' lang='lat' dir='ltr'><strong>oportebat,</strong></span> <span class='ocrx_word' id='word_1_220' title='bbox 465 2716 540 2782; x_wconf 90' lang='lat' dir='ltr'><strong>licet</strong></span> <span class='ocrx_word' id='word_1_221' title='bbox 568 2739 631 2780; x_wconf 92' lang='lat' dir='ltr'><strong>non</strong></span> <span class='ocrx_word' id='word_1_222' title='bbox 657 2717 808 2783; x_wconf 92' lang='lat' dir='ltr'><strong>vidissent</strong></span> <span class='ocrx_word' id='word_1_223' title='bbox 831 2718 864 2782; x_wconf 92' lang='lat' dir='ltr'><strong>hi</strong></span> <span class='ocrx_word' id='word_1_224' title='bbox 892 2739 962 2782; x_wconf 88' lang='lat' dir='ltr'><strong>eum</strong></span> <span class='ocrx_word' id='word_1_225' title='bbox 989 2718 1042 2803; x_wconf 93' lang='lat' dir='ltr'><strong>qui</strong></span> <span class='ocrx_word' id='word_1_226' title='bbox 1068 2741 1164 2804; x_wconf 86' lang='lat' dir='ltr'><strong>super</strong></span> <span class='ocrx_word' id='word_1_227' title='bbox 1188 2720 1298 2785; x_wconf 91' lang='lat' dir='ltr'><strong>omnia</strong></span> <span class='ocrx_word' id='word_1_228' title='bbox 1322 2719 1404 2785; x_wconf 87' lang='lat' dir='ltr'><strong>Deus</strong></span> 
     </span>
     <span class='ocr_line' id='line_1_25' title="bbox 258 2816 1404 2904; baseline 0.001 -23"><span class='ocrx_word' id='word_1_229' title='bbox 258 2825 317 2894; x_wconf 88' lang='lat' dir='ltr'><strong>est,</strong></span> <span class='ocrx_word' id='word_1_230' title='bbox 335 2816 384 2880; x_wconf 92' lang='lat' dir='ltr'><strong>uti</strong></span> <span class='ocrx_word' id='word_1_231' title='bbox 398 2827 626 2902; x_wconf 82' lang='lat' dir='ltr'><strong>cognoscerent</strong></span> <span class='ocrx_word' id='word_1_232' title='bbox 643 2826 848 2903; x_wconf 89' lang='lat' dir='ltr'><strong>potentatum</strong></span> <span class='ocrx_word' id='word_1_233' title='bbox 865 2826 899 2882; x_wconf 93' lang='lat' dir='ltr'><strong>et</strong></span> <span class='ocrx_word' id='word_1_234' title='bbox 916 2818 1090 2883; x_wconf 88' lang='lat' dir='ltr'><strong>dominium</strong></span> <span class='ocrx_word' id='word_1_235' title='bbox 1105 2819 1183 2904; x_wconf 88' lang='lat' dir='ltr'><strong>ejus.</strong></span> <span class='ocrx_word' id='word_1_236' title='bbox 1223 2820 1404 2885; x_wconf 87' lang='lat' dir='ltr'><strong>Ridiculum</strong></span> 
     </span>
     <span class='ocr_line' id='line_1_26' title="bbox 257 2917 1403 3004; baseline 0.002 -22"><span class='ocrx_word' id='word_1_237' title='bbox 257 2917 342 2982; x_wconf 90' lang='lat' dir='ltr'><strong>enim</strong></span> <span class='ocrx_word' id='word_1_238' title='bbox 370 2939 443 2981; x_wconf 89' lang='lat' dir='ltr'><strong>vere</strong></span> <span class='ocrx_word' id='word_1_239' title='bbox 466 2917 643 3002; x_wconf 84' lang='lat' dir='ltr'><strong>apparebit,</strong></span> <span class='ocrx_word' id='word_1_240' title='bbox 674 2918 700 2981; x_wconf 90' lang='lat' dir='ltr'><strong>si</strong></span> <span class='ocrx_word' id='word_1_241' title='bbox 732 2939 766 2982; x_wconf 90' lang='lat' dir='ltr'><strong>se</strong></span> <span class='ocrx_word' id='word_1_242' title='bbox 796 2919 933 3003; x_wconf 89' lang='lat' dir='ltr'><strong>quidem,</strong></span> <span class='ocrx_word' id='word_1_243' title='bbox 965 2917 1018 3004; x_wconf 94' lang='lat' dir='ltr'><strong>qui</strong></span> <span class='ocrx_word' id='word_1_244' title='bbox 1044 2941 1139 3004; x_wconf 90' lang='lat' dir='ltr'><strong>super</strong></span> <span class='ocrx_word' id='word_1_245' title='bbox 1169 2927 1293 2985; x_wconf 90' lang='lat' dir='ltr'><strong>terram</strong></span> <span class='ocrx_word' id='word_1_246' title='bbox 1323 2929 1403 2997; x_wconf 88' lang='lat' dir='ltr'><strong>sunt,</strong></span> 
     </span>
     <span class='ocr_line' id='line_1_27' title="bbox 257 3017 1405 3106; baseline 0.001 -23"><span class='ocrx_word' id='word_1_247' title='bbox 257 3039 447 3105; x_wconf 85' lang='lat' dir='ltr'><strong>cognoscere</strong></span> <span class='ocrx_word' id='word_1_248' title='bbox 470 3017 581 3081; x_wconf 91' lang='lat' dir='ltr'><strong>dicunt</strong></span> <span class='ocrx_word' id='word_1_249' title='bbox 604 3039 675 3081; x_wconf 89' lang='lat' dir='ltr'><strong>eum</strong></span> <span class='ocrx_word' id='word_1_250' title='bbox 701 3017 754 3103; x_wconf 94' lang='lat' dir='ltr'><strong>qui</strong></span> <span class='ocrx_word' id='word_1_251' title='bbox 779 3040 875 3103; x_wconf 88' lang='lat' dir='ltr'><strong>super</strong></span> <span class='ocrx_word' id='word_1_252' title='bbox 898 3019 1005 3083; x_wconf 91' lang='lat' dir='ltr'><strong>omnia</strong></span> <span class='ocrx_word' id='word_1_253' title='bbox 1029 3028 1078 3084; x_wconf 89' lang='lat' dir='ltr'><strong>est</strong></span> <span class='ocrx_word' id='word_1_254' title='bbox 1095 3018 1192 3096; x_wconf 89' lang='lat' dir='ltr'><strong>Deus,</strong></span> <span class='ocrx_word' id='word_1_255' title='bbox 1211 3042 1308 3106; x_wconf 91' lang='lat' dir='ltr'><strong>quem</strong></span> <span class='ocrx_word' id='word_1_256' title='bbox 1331 3042 1405 3085; x_wconf 93' lang='lat' dir='ltr'><strong>nun-</strong></span> 
     </span>
     <span class='ocr_line' id='line_1_28' title="bbox 258 3116 1405 3204; baseline 0.002 -22"><span class='ocrx_word' id='word_1_257' title='bbox 258 3141 354 3204; x_wconf 90' lang='lat' dir='ltr'><strong>quam</strong></span> <span class='ocrx_word' id='word_1_258' title='bbox 377 3117 542 3191; x_wconf 78' lang='lat' dir='ltr'><strong>viderunt3</strong></span> <span class='ocrx_word' id='word_1_259' title='bbox 571 3116 600 3182; x_wconf 90' lang='lat' dir='ltr'><strong>ei</strong></span> <span class='ocrx_word' id='word_1_260' title='bbox 617 3124 725 3182; x_wconf 87' lang='lat' dir='ltr'><strong>autern</strong></span> <span class='ocrx_word' id='word_1_261' title='bbox 748 3117 801 3202; x_wconf 93' lang='lat' dir='ltr'><strong>qui</strong></span> <span class='ocrx_word' id='word_1_262' title='bbox 819 3140 874 3183; x_wconf 88' lang='lat' dir='ltr'><strong>eos</strong></span> <span class='ocrx_word' id='word_1_263' title='bbox 890 3119 977 3193; x_wconf 82' lang='lat' dir='ltr'><strong>lecit,</strong></span> <span class='ocrx_word' id='word_1_264' title='bbox 996 3127 1030 3183; x_wconf 90' lang='lat' dir='ltr'><strong>et</strong></span> <span class='ocrx_word' id='word_1_265' title='bbox 1047 3119 1229 3184; x_wconf 90' lang='lat' dir='ltr'><strong>universum</strong></span> <span class='ocrx_word' id='word_1_266' title='bbox 1254 3122 1405 3184; x_wconf 91' lang='lat' dir='ltr'><strong>mundum</strong></span> 
     </span>
     <span class='ocr_line' id='line_1_29' title="bbox 256 3217 1406 3307; baseline 0.002 -25"><span class='ocrx_word' id='word_1_267' title='bbox 256 3219 430 3283; x_wconf 87' lang='lat' dir='ltr'><strong>secundum</strong></span> <span class='ocrx_word' id='word_1_268' title='bbox 463 3240 526 3294; x_wconf 88' lang='lat' dir='ltr'><strong>eos,</strong></span> <span class='ocrx_word' id='word_1_269' title='bbox 553 3239 617 3282; x_wconf 91' lang='lat' dir='ltr'><strong>non</strong></span> <span class='ocrx_word' id='word_1_270' title='bbox 649 3217 849 3302; x_wconf 89' lang='lat' dir='ltr'><strong>permittant,</strong></span> <span class='ocrx_word' id='word_1_271' title='bbox 876 3241 948 3284; x_wconf 89' lang='lat' dir='ltr'><strong>cum</strong></span> <span class='ocrx_word' id='word_1_272' title='bbox 977 3219 1075 3283; x_wconf 90' lang='lat' dir='ltr'><strong>sitin</strong></span> <span class='ocrx_word' id='word_1_273' title='bbox 1098 3219 1229 3284; x_wconf 88' lang='lat' dir='ltr'><strong>summis</strong></span> <span class='ocrx_word' id='word_1_274' title='bbox 1254 3230 1290 3284; x_wconf 88' lang='lat' dir='ltr'><strong>et</strong></span> <span class='ocrx_word' id='word_1_275' title='bbox 1315 3243 1406 3307; x_wconf 86' lang='lat' dir='ltr'><strong>snper</strong></span> 
     </span>
     <span class='ocr_line' id='line_1_30' title="bbox 257 3317 1404 3403; baseline 0.003 -22"><span class='ocrx_word' id='word_1_276' title='bbox 257 3319 363 3394; x_wconf 88' lang='lat' dir='ltr'><strong>coelos,</strong></span> <span class='ocrx_word' id='word_1_277' title='bbox 383 3339 572 3402; x_wconf 88' lang='lat' dir='ltr'><strong>cognoscere</strong></span> <span class='ocrx_word' id='word_1_278' title='bbox 593 3340 631 3382; x_wconf 89' lang='lat' dir='ltr'><strong>ea</strong></span> <span class='ocrx_word' id='word_1_279' title='bbox 648 3339 718 3402; x_wconf 77' lang='lat' dir='ltr'><strong>qua)</strong></span> <span class='ocrx_word' id='word_1_280' title='bbox 735 3317 805 3402; x_wconf 88' lang='lat' dir='ltr'><strong>ipsi,</strong></span> <span class='ocrx_word' id='word_1_281' title='bbox 823 3341 920 3403; x_wconf 90' lang='lat' dir='ltr'><strong>quum</strong></span> <span class='ocrx_word' id='word_1_282' title='bbox 942 3318 1005 3383; x_wconf 89' lang='lat' dir='ltr'><strong>sint</strong></span> <span class='ocrx_word' id='word_1_283' title='bbox 1027 3318 1058 3382; x_wconf 90' lang='lat' dir='ltr'><strong>in</strong></span> <span class='ocrx_word' id='word_1_284' title='bbox 1083 3319 1264 3397; x_wconf 88' lang='lat' dir='ltr'><strong>humilibus,</strong></span> <span class='ocrx_word' id='word_1_285' title='bbox 1293 3321 1404 3386; x_wconf 87' lang='lat' dir='ltr'><strong>sciunt.</strong></span> 
     </span>
     <span class='ocr_line' id='line_1_31' title="bbox 259 3415 1405 3505; baseline 0.005 -27"><span class='ocrx_word' id='word_1_286' title='bbox 259 3415 331 3478; x_wconf 90' lang='lat' dir='ltr'><strong>Nisi</strong></span> <span class='ocrx_word' id='word_1_287' title='bbox 360 3418 444 3480; x_wconf 84' lang='lat' dir='ltr'><strong>forte</strong></span> <span class='ocrx_word' id='word_1_288' title='bbox 471 3418 530 3481; x_wconf 92' lang='lat' dir='ltr'><strong>sub</strong></span> <span class='ocrx_word' id='word_1_289' title='bbox 558 3426 646 3482; x_wconf 87' lang='lat' dir='ltr'><strong>terra</strong></span> <span class='ocrx_word' id='word_1_290' title='bbox 673 3417 705 3481; x_wconf 92' lang='lat' dir='ltr'><strong>in</strong></span> <span class='ocrx_word' id='word_1_291' title='bbox 733 3426 858 3483; x_wconf 88' lang='lat' dir='ltr'><strong>tartaro</strong></span> <span class='ocrx_word' id='word_1_292' title='bbox 886 3440 954 3483; x_wconf 91' lang='lat' dir='ltr'><strong>esse</strong></span> <span class='ocrx_word' id='word_1_293' title='bbox 987 3417 1129 3505; x_wconf 85' lang='lat' dir='ltr'><strong>Bythurn</strong></span> <span class='ocrx_word' id='word_1_294' title='bbox 1162 3441 1256 3483; x_wconf 91' lang='lat' dir='ltr'><strong>suum</strong></span> <span class='ocrx_word' id='word_1_295' title='bbox 1287 3421 1405 3500; x_wconf 89' lang='lat' dir='ltr'><strong>dicunt,</strong></span> 
     </span>
     <span class='ocr_line' id='line_1_32' title="bbox 256 3517 1407 3605; baseline 0.004 -27"><span class='ocrx_word' id='word_1_296' title='bbox 256 3525 451 3600; x_wconf 89' lang='lat' dir='ltr'><strong>quapropter</strong></span> <span class='ocrx_word' id='word_1_297' title='bbox 480 3524 513 3580; x_wconf 93' lang='lat' dir='ltr'><strong>et</strong></span> <span class='ocrx_word' id='word_1_298' title='bbox 549 3517 667 3602; x_wconf 89' lang='lat' dir='ltr'><strong>primos</strong></span> <span class='ocrx_word' id='word_1_299' title='bbox 696 3539 731 3582; x_wconf 87' lang='lat' dir='ltr'><strong>se</strong></span> <span class='ocrx_word' id='word_1_300' title='bbox 764 3519 946 3604; x_wconf 89' lang='lat' dir='ltr'><strong>cognovisse</strong></span> <span class='ocrx_word' id='word_1_301' title='bbox 979 3541 1061 3592; x_wconf 89' lang='lat' dir='ltr'><strong>eum,</strong></span> <span class='ocrx_word' id='word_1_302' title='bbox 1093 3541 1188 3604; x_wconf 91' lang='lat' dir='ltr'><strong>quam</strong></span> <span class='ocrx_word' id='word_1_303' title='bbox 1223 3519 1257 3584; x_wconf 92' lang='lat' dir='ltr'><strong>hi</strong></span> <span class='ocrx_word' id='word_1_304' title='bbox 1289 3519 1345 3605; x_wconf 89' lang='lat' dir='ltr'><strong>qui</strong></span> <span class='ocrx_word' id='word_1_305' title='bbox 1376 3521 1407 3584; x_wconf 91' lang='lat' dir='ltr'><strong>in</strong></span> 
     </span>
     <span class='ocr_line' id='line_1_33' title="bbox 255 3615 1407 3703; baseline 0.004 -23"><span class='ocrx_word' id='word_1_306' title='bbox 255 3615 425 3680; x_wconf 84' lang='lat' dir='ltr'><strong>altitudine</strong></span> <span class='ocrx_word' id='word_1_307' title='bbox 448 3615 598 3682; x_wconf 90' lang='lat' dir='ltr'><strong>habitant</strong></span> <span class='ocrx_word' id='word_1_308' title='bbox 620 3616 743 3703; x_wconf 85' lang='lat' dir='ltr'><strong>angeli;</strong></span> <span class='ocrx_word' id='word_1_309' title='bbox 772 3616 804 3680; x_wconf 94' lang='lat' dir='ltr'><strong>in</strong></span> <span class='ocrx_word' id='word_1_310' title='bbox 827 3627 952 3682; x_wconf 89' lang='lat' dir='ltr'><strong>tantam</strong></span> <span class='ocrx_word' id='word_1_311' title='bbox 972 3618 1145 3683; x_wconf 87' lang='lat' dir='ltr'><strong>amentiam</strong></span> <span class='ocrx_word' id='word_1_312' title='bbox 1168 3619 1345 3694; x_wconf 87' lang='lat' dir='ltr'><strong>venientes,</strong></span> <span class='ocrx_word' id='word_1_313' title='bbox 1362 3619 1407 3685; x_wconf 92' lang='lat' dir='ltr'><strong>uti</strong></span> 
     </span>
     <span class='ocr_line' id='line_1_34' title="bbox 255 3715 1407 3806; baseline 0.003 -25"><span class='ocrx_word' id='word_1_314' title='bbox 255 3715 436 3782; x_wconf 88' lang='lat' dir='ltr'><strong>dementem</strong></span> <span class='ocrx_word' id='word_1_315' title='bbox 460 3717 668 3802; x_wconf 88' lang='lat' dir='ltr'><strong>pronuntient</strong></span> <span class='ocrx_word' id='word_1_316' title='bbox 691 3717 801 3780; x_wconf 91' lang='lat' dir='ltr'><strong>mundi</strong></span> <span class='ocrx_word' id='word_1_317' title='bbox 822 3717 1064 3782; x_wconf 82' lang='lat' dir='ltr'><strong>fabricatorem:</strong></span> <span class='ocrx_word' id='word_1_318' title='bbox 1090 3741 1227 3803; x_wconf 90' lang='lat' dir='ltr'><strong>quorum</strong></span> <span class='ocrx_word' id='word_1_319' title='bbox 1244 3742 1321 3784; x_wconf 86' lang='lat' dir='ltr'><strong>vere</strong></span> <span class='ocrx_word' id='word_1_320' title='bbox 1344 3719 1407 3806; x_wconf 92' lang='lat' dir='ltr'><strong>qui-</strong></span> 
     </span>
     <span class='ocr_line' id='line_1_35' title="bbox 255 3816 1407 3904; baseline 0.003 -25"><span class='ocrx_word' id='word_1_321' title='bbox 255 3817 328 3880; x_wconf 89' lang='lat' dir='ltr'><strong>dem</strong></span> <span class='ocrx_word' id='word_1_322' title='bbox 346 3825 395 3882; x_wconf 87' lang='lat' dir='ltr'><strong>est</strong></span> <span class='ocrx_word' id='word_1_323' title='bbox 410 3816 562 3895; x_wconf 89' lang='lat' dir='ltr'><strong>misereri,</strong></span> <span class='ocrx_word' id='word_1_324' title='bbox 578 3839 651 3882; x_wconf 90' lang='lat' dir='ltr'><strong>cum</strong></span> <span class='ocrx_word' id='word_1_325' title='bbox 669 3816 700 3880; x_wconf 92' lang='lat' dir='ltr'><strong>in</strong></span> <span class='ocrx_word' id='word_1_326' title='bbox 718 3824 813 3882; x_wconf 90' lang='lat' dir='ltr'><strong>tanta</strong></span> <span class='ocrx_word' id='word_1_327' title='bbox 827 3817 990 3884; x_wconf 89' lang='lat' dir='ltr'><strong>dementia</strong></span> <span class='ocrx_word' id='word_1_328' title='bbox 1005 3818 1123 3892; x_wconf 89' lang='lat' dir='ltr'><strong>dicant,</strong></span> <span class='ocrx_word' id='word_1_329' title='bbox 1141 3841 1247 3904; x_wconf 90' lang='lat' dir='ltr'><strong>neque</strong></span> <span class='ocrx_word' id='word_1_330' title='bbox 1267 3819 1407 3885; x_wconf 91' lang='lat' dir='ltr'><strong>Matrem</strong></span> 
     </span>
     <span class='ocr_line' id='line_1_36' title="bbox 254 3916 1405 4003; baseline 0.008 -27"><span class='ocrx_word' id='word_1_331' title='bbox 254 3916 418 3999; x_wconf 86' lang='lat' dir='ltr'><strong>agnovisse</strong></span> <span class='ocrx_word' id='word_1_332' title='bbox 450 3938 532 3994; x_wconf 91' lang='lat' dir='ltr'><strong>eum,</strong></span> <span class='ocrx_word' id='word_1_333' title='bbox 561 3939 663 4002; x_wconf 89' lang='lat' dir='ltr'><strong>neque</strong></span> <span class='ocrx_word' id='word_1_334' title='bbox 696 3939 803 3981; x_wconf 86' lang='lat' dir='ltr'><strong>semen</strong></span> <span class='ocrx_word' id='word_1_335' title='bbox 833 3918 910 4003; x_wconf 89' lang='lat' dir='ltr'><strong>ejus,</strong></span> <span class='ocrx_word' id='word_1_336' title='bbox 938 3940 1041 4003; x_wconf 91' lang='lat' dir='ltr'><strong>neque</strong></span> <span class='ocrx_word' id='word_1_337' title='bbox 1072 3917 1224 3983; x_wconf 86' lang='lat' dir='ltr'><strong>Pleroma</strong></span> <span class='ocrx_word' id='word_1_338' title='bbox 1255 3922 1405 3997; x_wconf 83' lang='lat' dir='ltr'><strong>AEonum,</strong></span> 
     </span>
     <span class='ocr_line' id='line_1_37' title="bbox 252 4014 1407 4103; baseline 0.01 -27"><span class='ocrx_word' id='word_1_339' title='bbox 252 4034 355 4098; x_wconf 92' lang='lat' dir='ltr'><strong>neque</strong></span> <span class='ocrx_word' id='word_1_340' title='bbox 390 4014 614 4100; x_wconf 86' lang='lat' dir='ltr'><strong>Propatorem‚</strong></span> <span class='ocrx_word' id='word_1_341' title='bbox 648 4037 751 4101; x_wconf 89' lang='lat' dir='ltr'><strong>neque</strong></span> <span class='ocrx_word' id='word_1_342' title='bbox 785 4016 861 4102; x_wconf 92' lang='lat' dir='ltr'><strong>quid</strong></span> <span class='ocrx_word' id='word_1_343' title='bbox 888 4026 994 4082; x_wconf 88' lang='lat' dir='ltr'><strong>essent</strong></span> <span class='ocrx_word' id='word_1_344' title='bbox 1020 4039 1090 4103; x_wconf 80' lang='lat' dir='ltr'><strong>qum</strong></span> <span class='ocrx_word' id='word_1_345' title='bbox 1117 4016 1311 4094; x_wconf 70' lang='lat' dir='ltr'><strong>fabricavitr</strong></span> <span class='ocrx_word' id='word_1_346' title='bbox 1345 4042 1407 4086; x_wconf 84' lang='lat' dir='ltr'><strong>esse</strong></span> 
     </span>
     <span class='ocr_line' id='line_1_38' title="bbox 252 4115 1407 4201; baseline 0.01 -25"><span class='ocrx_word' id='word_1_347' title='bbox 252 4122 361 4177; x_wconf 88' lang='lat' dir='ltr'><strong>autem</strong></span> <span class='ocrx_word' id='word_1_348' title='bbox 387 4115 540 4201; x_wconf 90' lang='lat' dir='ltr'><strong>imagines</strong></span> <span class='ocrx_word' id='word_1_349' title='bbox 566 4137 686 4191; x_wconf 90' lang='lat' dir='ltr'><strong>eorum,</strong></span> <span class='ocrx_word' id='word_1_350' title='bbox 711 4138 781 4201; x_wconf 80' lang='lat' dir='ltr'><strong>quas</strong></span> <span class='ocrx_word' id='word_1_351' title='bbox 804 4116 890 4182; x_wconf 81' lang='lat' dir='ltr'><strong>intra</strong></span> <span class='ocrx_word' id='word_1_352' title='bbox 906 4117 1057 4182; x_wconf 88' lang='lat' dir='ltr'><strong>Pleroma</strong></span> <span class='ocrx_word' id='word_1_353' title='bbox 1077 4125 1163 4195; x_wconf 89' lang='lat' dir='ltr'><strong>sunt,</strong></span> <span class='ocrx_word' id='word_1_354' title='bbox 1181 4117 1329 4186; x_wconf 86' lang='lat' dir='ltr'><strong>latenter</strong></span> <span class='ocrx_word' id='word_1_355' title='bbox 1345 4119 1407 4186; x_wconf 85' lang='lat' dir='ltr'><strong>Sal·</strong></span> 
     </span>
     <span class='ocr_line' id='line_1_39' title="bbox 251 4214 1335 4303; baseline 0.008 -26"><span class='ocrx_word' id='word_1_356' title='bbox 251 4221 363 4278; x_wconf 88' lang='lat' dir='ltr'><strong>vatore</strong></span> <span class='ocrx_word' id='word_1_357' title='bbox 378 4221 512 4298; x_wconf 89' lang='lat' dir='ltr'><strong>operato</strong></span> <span class='ocrx_word' id='word_1_358' title='bbox 529 4214 574 4279; x_wconf 90' lang='lat' dir='ltr'><strong>sie</strong></span> <span class='ocrx_word' id='word_1_359' title='bbox 590 4214 660 4279; x_wconf 86' lang='lat' dir='ltr'><strong>fieri</strong></span> <span class='ocrx_word' id='word_1_360' title='bbox 677 4215 710 4278; x_wconf 93' lang='lat' dir='ltr'><strong>in</strong></span> <span class='ocrx_word' id='word_1_361' title='bbox 727 4216 881 4283; x_wconf 90' lang='lat' dir='ltr'><strong>honorem</strong></span> <span class='ocrx_word' id='word_1_362' title='bbox 899 4239 1010 4282; x_wconf 91' lang='lat' dir='ltr'><strong>eorum</strong></span> <span class='ocrx_word' id='word_1_363' title='bbox 1027 4218 1081 4303; x_wconf 92' lang='lat' dir='ltr'><strong>qui</strong></span> <span class='ocrx_word' id='word_1_364' title='bbox 1098 4240 1226 4284; x_wconf 80' lang='lat' dir='ltr'><strong>sursum</strong></span> <span class='ocrx_word' id='word_1_365' title='bbox 1243 4228 1335 4287; x_wconf 89' lang='lat' dir='ltr'><strong>sunt.</strong></span> 
     </span>
    </p>
   </div>
   <div class='ocr_carea' id='block_1_3' title="bbox 249 4403 1407 4634">
    <p class='ocr_par' dir='ltr' id='par_1_7' title="bbox 249 4403 1407 4634">
     <span class='ocr_line' id='line_1_40' title="bbox 300 4403 1404 4473; baseline 0.01 -22"><span class='ocrx_word' id='word_1_366' title='bbox 300 4403 371 4454; x_wconf 79' lang='lat' dir='ltr'><strong>¹cn.</strong></span> <span class='ocrx_word' id='word_1_367' title='bbox 385 4403 482 4466; x_wconf 57' lang='lat' dir='ltr'><strong>trajicere,</strong></span> <span class='ocrx_word' id='word_1_368' title='bbox 497 4404 537 4452; x_wconf 83' lang='lat' dir='ltr'><strong>ie.</strong></span> <span class='ocrx_word' id='word_1_369' title='bbox 550 4406 630 4464; x_wconf 73' lang='grc' dir='ltr'><strong>λόγος.</strong></span> <span class='ocrx_word' id='word_1_370' title='bbox 854 4408 886 4456; x_wconf 78' lang='lat' dir='ltr'><strong>Et</strong></span> <span class='ocrx_word' id='word_1_371' title='bbox 900 4423 954 4470; x_wconf 84' lang='lat' dir='ltr'><strong>cap.</strong></span> <span class='ocrx_word' id='word_1_372' title='bbox 969 4421 1008 4472; x_wconf 74' lang='lat'><strong>²9·</strong></span> <span class='ocrx_word' id='word_1_373' title='bbox 1043 4407 1158 4457; x_wconf 73' lang='lat' dir='ltr'><strong>sexcenti</strong></span> <span class='ocrx_word' id='word_1_374' title='bbox 1169 4409 1257 4473; x_wconf 71' lang='lat' dir='ltr'><strong>raquo</strong></span> <span class='ocrx_word' id='word_1_375' title='bbox 1267 4413 1330 4461; x_wconf 75' lang='lat' dir='ltr'><strong>anni</strong></span> <span class='ocrx_word' id='word_1_376' title='bbox 1344 4411 1404 4470; x_wconf 74' lang='lat' dir='ltr'><strong>Noe,</strong></span> 
     </span>
     <span class='ocr_line' id='line_1_41' title="bbox 297 4482 1407 4559; baseline 0.01 -28"><span class='ocrx_word' id='word_1_377' title='bbox 297 4482 366 4533; x_wconf 67' lang='grc' dir='ltr'><strong>’Βία</strong></span> <span class='ocrx_word' id='word_1_378' title='bbox 384 4485 426 4534; x_wconf 81' lang='lat' dir='ltr'><strong>lib.</strong></span> <span class='ocrx_word' id='word_1_379' title='bbox 448 4502 471 4534; x_wconf 91' lang='lat' dir='ltr'><strong>v.</strong></span> <span class='ocrx_word' id='word_1_380' title='bbox 491 4500 545 4546; x_wconf 85' lang='lat' dir='ltr'><strong>cap.</strong></span> <span class='ocrx_word' id='word_1_381' title='bbox 565 4499 604 4547; x_wconf 78' lang='lat'><strong>24.</strong></span> <span class='ocrx_word' id='word_1_382' title='bbox 652 4486 804 4536; x_wconf 87' lang='lat' dir='ltr'><strong>Domiuatus</strong></span> <span class='ocrx_word' id='word_1_383' title='bbox 853 4491 901 4539; x_wconf 89' lang='lat' dir='ltr'><strong>sub</strong></span> <span class='ocrx_word' id='word_1_384' title='bbox 919 4506 969 4555; x_wconf 90' lang='lat' dir='ltr'><strong>quo</strong></span> <span class='ocrx_word' id='word_1_385' title='bbox 986 4490 1035 4539; x_wconf 85' lang='lat' dir='ltr'><strong>fuit</strong></span> <span class='ocrx_word' id='word_1_386' title='bbox 1053 4491 1174 4540; x_wconf 87' lang='lat' dir='ltr'><strong>dilnvium</strong></span> <span class='ocrx_word' id='word_1_387' title='bbox 1192 4498 1299 4557; x_wconf 86' lang='lat' dir='ltr'><strong>propter</strong></span> <span class='ocrx_word' id='word_1_388' title='bbox 1315 4500 1407 4559; x_wconf 76' lang='lat' dir='ltr'><strong>aporta-</strong></span> 
     </span>
     <span class='ocr_line' id='line_1_42' title="bbox 249 4562 1386 4634; baseline 0.011 -23"><span class='ocrx_word' id='word_1_389' title='bbox 249 4567 287 4610; x_wconf 82' lang='lat' dir='ltr'><strong>est</strong></span> <span class='ocrx_word' id='word_1_390' title='bbox 306 4562 445 4629; x_wconf 73' lang='lat' dir='ltr'><strong>(Diabolus)</strong></span> <span class='ocrx_word' id='word_1_391' title='bbox 468 4566 563 4616; x_wconf 87' lang='lat' dir='ltr'><strong>homini</strong></span> <span class='ocrx_word' id='word_1_392' title='bbox 582 4583 627 4633; x_wconf 85' lang='lat' dir='ltr'><strong>per</strong></span> <span class='ocrx_word' id='word_1_393' title='bbox 643 4568 801 4632; x_wconf 82' lang='lat' dir='ltr'><strong>apostasiam.</strong></span> <span class='ocrx_word' id='word_1_394' title='bbox 854 4571 924 4621; x_wconf 84' lang='grc' dir='ltr'>ιιίιιιιι.</span> <span class='ocrx_word' id='word_1_395' title='bbox 949 4572 1154 4634; x_wconf 60' lang='lat' dir='ltr'><strong>Gnarum-111.</strong></span> <span class='ocrx_word' id='word_1_396' title='bbox 1167 4588 1247 4625; x_wconf 82' lang='lat' dir='ltr'><strong>xxxv.</strong></span> <span class='ocrx_word' id='word_1_397' title='bbox 1260 4586 1299 4625; x_wconf 83' lang='lat' dir='ltr'><strong>rr.</strong></span> <span class='ocrx_word' id='word_1_398' title='bbox 1312 4575 1386 4624; x_wconf 84' lang='lat' dir='ltr'><strong>lxxix.</strong></span> 
     </span>
    </p>
   </div>
   <div class='ocr_carea' id='block_1_4' title="bbox 0 0 1483 4986">
    <p class='ocr_par' dir='ltr' id='par_1_8' title="bbox 0 0 1483 4986">
     <span class='ocr_line' id='line_1_43' title="bbox 0 0 1483 4986; baseline 0 0"><span class='ocrx_word' id='word_1_399' title='bbox 0 0 1483 4986; x_wconf 95' lang='lat' dir='ltr'><strong> </strong></span> 
     </span>
    </p>
   </div>
  </div>
 </body>
</html>
