2954 4986
239 337 307 400 340
550 348 830 403 INCONSTANTES
855 346 1075 401 EORUMDEM

104 527 158 568 mn
167 526 196 565 ιι
241 511 384 569 sanctum
407 511 587 569 sanctorum
610 502 790 588 cooperiens
804 500 980 567 lcolumnas
1002 500 1141 565 habebat
1160 498 1308 586 quinque.
1351 497 1391 562 Et

83 583 176 705 Gffilsls
176 575 221 703 'ill
246 607 421 672 holocausti
439 605 549 684 altare,
565 605 698 671 altitudo
717 602 926 694 [latitudo]
897 626 966 691 eyus
981 612 1047 668 erat
1059 602 1199 690 quinque
1212 602 1390 667 cubitorum.

107 712 166 751 ω’·
175 713 193 749 ⁴
243 708 451 774 Sacerdotes
442 731 476 772 m
494 731 600 774 eremo
620 708 711 773 electi
733 715 807 773 sunt
828 707 973 793 quinque,
997 706 1116 771 scilicet
1136 707 1260 784 Aaron,
1277 705 1392 778 Nadab,

76 816 168 909 {¹⁰⁶¹
154 815 213 857 ml
243 810 361 890 Abiud,
393 811 533 888 Eleazar,
563 818 596 877 et
625 811 777 876 Ithamar.
823 810 954 888 Talaria,
987 818 1020 875 et
1055 809 1187 897 logium,
1219 816 1253 875 et
1283 809 1394 893 reliqua

78 907 221 1001 ἷξῊ,“·
193 954 222 993 ,ιι
241 914 442 980 sacerdotalis
456 915 642 1001 compositio
656 915 695 979 de
710 914 845 1000 quinque
860 921 1010 979 contexta
1023 921 1115 978 sunt:
1140 913 1304 977 habebant
1318 912 1395 976 enim

77 1002 184 1087 lexa„
185 1045 228 1087 ιιι
241 1036 362 1095 aurum,
387 1025 420 1082 et
443 1016 657 1103 hyacinthum,
684 1024 718 1081 et
740 1037 919 1102 purpuram,
946 1023 979 1080 et
1001 1015 1176 1092 coccinum,
1202 1023 1236 1079 et
1263 1015 1394 1100 byssum.

79 1096 148 1179 lhos
156 1137 229 1179 nvll-
244 1119 289 1185 Et
311 1121 447 1206 quinque
467 1142 557 1206 reges
578 1119 864 1184 Amorrhaeorum
856 1141 889 1182 ιιι
914 1119 1069 1204 speluncis
1090 1117 1284 1183 concludens
1305 1118 1396 1182 -lesus

78 1232 153 1327 {yps
163 1232 214 1276 17·ι
245 1223 343 1301 Nave,
355 1222 458 1307 capita
472 1244 580 1287 eorum
594 1222 741 1288 inculcari
755 1222 841 1288 dedit
856 1223 980 1308 populo.
1025 1222 1070 1287 Et
1084 1222 1146 1286 alia
1160 1243 1290 1308 qnoque
1304 1221 1396 1286 mvrlta

243 1325 339 1390 millia
352 1325 540 1443 hujusmodi,
551 1325 607 1391 et
598 1348 630 1389 ιιι
645 1326 704 1391 hoc
716 1346 854 1402 numero,
869 1334 901 1389 et
916 1325 1025 1409 inquo
1039 1324 1110 1411 quis
1124 1322 1310 1398 voluerit,'
1283 1346 1348 1389 srve
1360 1345 1395 1388 ex

245 1428 463 1514 Scripturis,
437 1450 502 1493 sive
517 1451 557 1493 ex
570 1429 803 1514 subjacentibus
817 1436 937 1493 naturae
952 1428 1096 1513 operibus
1110 1427 1259 1514 colligere
1280 1434 1395 1513 potest:

243 1539 276 1597 et
287 1553 350 1597 non
362 1532 429 1618 jam
441 1532 481 1596 ob
491 1531 551 1598 hoc
560 1531 695 1618 quinque
705 1532 831 1596 AEonas
845 1553 915 1596 ease
929 1531 1061 1597 dicimus
1073 1553 1168 1616 super
1181 1531 1396 1617 Demiurgum,

245 1656 302 1700 nec
324 1633 501 1720 quinionem
522 1634 609 1719 quasi
632 1643 668 1699 ut
689 1634 824 1698 dirimm
843 1656 909 1698 rem
931 1634 1067 1720 aliquam
1089 1655 1324 1711 consecramus,
1345 1655 1397 1697 nec

244 1736 411 1816 instabilia,
431 1759 489 1802 nec
511 1735 714 1802 deliramenta
731 1758 787 1822 per
802 1758 917 1801 vanum
939 1737 1036 1801 istum
1054 1735 1194 1801 laborem
1216 1736 1398 1800 confirmem

244 1847 414 1920 tentamus,
429 1860 530 1924 neque
547 1846 721 1905 creaturam
741 1839 821 1904 bene
834 1846 976 1925 aptatam
990 1861 1010 1903 a
1025 1838 1096 1903 Deo
1110 1837 1256 1925 cogimus
1276 1838 1399 1903 malein

243 1951 336 2028 typos
360 1965 423 2009 non
444 1943 662 2009 exsistentium
683 1942 852 2020 transferri,
874 1950 908 2006 et
932 1942 1028 2028 impia
1051 1950 1085 2007 et
1107 1941 1229 2007 nefaria
1253 1943 1399 2027 dogmata

244 2045 449 2125 introducere,
464 2069 536 2112 cum
557 2045 691 2111 detectio
712 2052 745 2110 et
766 2045 885 2110 eversio
905 2046 946 2110 ab
968 2045 1112 2110 omnibus
1133 2066 1264 2110 sensum
1286 2046 1398 2111 haben-

244 2146 329 2212 tibus
343 2148 444 2233 possit
458 2147 617 2213 exsistere.

310 2253 341 2316 3.
386 2250 464 2333 Quis
490 2249 572 2314 enim
594 2248 745 2315 concedat
766 2248 813 2314 eis
838 2272 966 2314 ccccxv
981 2256 1106 2313 tantum
1128 2249 1197 2314 dies
1211 2249 1331 2315 habere
1347 2271 1399 2314 an-

245 2372 332 2429 num,
350 2360 387 2417 ut
406 2353 469 2418 sint
484 2351 647 2417 duodecim
661 2373 785 2416 menses
800 2373 818 2416 e
832 2351 963 2438 triginta
977 2351 1085 2415 diebus
1104 2351 1137 2414 in
1155 2359 1270 2437 typum
1289 2352 1400 2418 duode-

246 2455 308 2523 cim
322 2458 478 2537 AEonum‚
492 2456 635 2523 dissimili
649 2463 682 2521 et
697 2465 773 2545 typo
792 2456 987 2521 exsistentel
1010 2453 1078 2519 Illic
1092 2455 1176 2519 enirn
1191 2456 1401 2543 unusquisqne

247 2563 389 2626 AEonum
413 2561 571 2626 tricesima
596 2582 670 2646 pars
692 2570 741 2625 est
766 2560 900 2625 universi
927 2559 1125 2637 Pleromatis,
1152 2560 1274 2624 mensis
1299 2570 1400 2625 autem

247 2665 430 2730 duodecima
452 2687 524 2750 pars
545 2665 619 2728 anni
639 2666 680 2729 ab
701 2665 777 2750 ipsis
797 2687 866 2730 esse
888 2664 1011 2729 dicitur.
1049 2663 1084 2727 si
1102 2663 1229 2749 quidem
1248 2686 1351 2729 annus
1370 2665 1400 2726 in

247 2767 377 2854 triginta
397 2767 593 2845 divideretur,
612 2775 644 2831 et
665 2767 782 2832 mensis
797 2767 830 2830 in
844 2766 1017 2844 duodecim,
1033 2766 1221 2831 conveniens
1242 2774 1401 2852 putaretur

247 2877 341 2956 typus
355 2891 424 2934 esse
438 2869 599 2934 mendacio
614 2891 732 2934 eorum.
778 2869 870 2934 Nunc
885 2877 990 2934 autem
1004 2868 1037 2932 in
1050 2868 1243 2933 contrarium
1260 2869 1403 2933 Pleroma

248 2975 373 3062 quidem
387 2995 493 3040 eorum
508 2974 541 3038 in
557 2974 686 3061 triginta
700 2973 856 3052 dividitur,
873 2995 945 3059 pars
959 2981 1065 3037 autem
1080 2973 1149 3058 ejus
1162 2973 1270 3058 aliqua
1284 2973 1317 3037 in
1332 2973 1402 3038 duo·

248 3078 363 3143 decim:
376 3077 427 3143 hic
438 3086 544 3143 autem
553 3077 653 3142 omnis
664 3078 788 3163 quidem
800 3076 954 3140 annus⁹in
963 3076 1041 3140 duas
1052 3072 1249 3164 [duodecim]
1261 3074 1403 3139 dividitur

247 3187 363 3265 partes,
375 3200 448 3265 pars
462 3187 567 3244 autem
582 3181 650 3265 ejus
660 3179 763 3264 aliqua
777 3178 810 3240 in
824 3177 964 3264 triginta.
1003 3175 1125 3240 Insulae
1140 3176 1248 3261 itaque
1265 3175 1403 3241 Salvator

247 3302 387 3345 mensem
411 3280 536 3366 quidem
562 3279 697 3344 universi
728 3279 928 3343 Pleromatis.
943 3286 1052 3365 typum
1081 3277 1154 3341 fecit
1184 3277 1264 3355 fieri,
1290 3299 1402 3342 annum

247 3392 354 3448 autem
374 3384 442 3468 ejus
457 3405 526 3469 quae
548 3383 581 3447 in
597 3383 775 3448 Pleromate
789 3391 838 3448 est
853 3382 1057 3448 duodecadis:
1074 3381 1176 3467 magis
1195 3382 1282 3447 enim
1296 3404 1402 3448 conve
1412 3411 1453 3452 aa

248 3486 355 3550 niebat
368 3507 484 3549 annum
500 3486 624 3572 quidem
639 3486 672 3549 in
687 3486 818 3572 triginta
832 3486 979 3564 dividere,
989 3485 1071 3550 sicut
1082 3492 1115 3549 et
1128 3492 1233 3549 totum
1243 3486 1401 3562 Pleroma3

248 3610 387 3654 mensem
408 3596 514 3653 autem
536 3588 568 3651 in
590 3589 763 3668 duodecim,
786 3591 868 3655 sicut
890 3597 923 3655 et
944 3598 1018 3654 sunt
1040 3590 1072 3652 in
1097 3589 1278 3654 Pleromate
1299 3613 1403 3656 eorum

248 3694 385 3758 AEones.
430 3692 475 3757 Et
496 3691 539 3756 illi
561 3692 686 3780 quidem
708 3715 799 3759 omne
816 3693 963 3758 Pleroma
985 3693 1018 3757 in
1039 3701 1104 3758 tres
1125 3693 1280 3773 dividunt,
1295 3694 1329 3759 id
1348 3704 1403 3773 est,

248 3797 280 3860 in
295 3797 536 3874 octonationem,
552 3805 585 3863 et
599 3797 757 3874 decadem,
773 3805 806 3861 et
823 3797 1043 3863 duodecadem.
1090 3797 1155 3862 Hic
1178 3806 1288 3863 autem
1307 3819 1405 3864 annm

248 3900 282 3965 in
308 3909 442 3987 quatuor
477 3901 635 3981 dividitur,
662 3901 776 3980 idest,
804 3924 942 3981 vernum,
968 3911 1122 3981 aestatem,
1145 3910 1345 3979 autumnum,
1376 3912 1406 3970 et

249 4141 354 4193 obvious
371 4142 477 4193 division
497 4142 526 4191 of
541 4141 641 4206 placing
660 4140 717 4189 four
735 4156 801 4190 com-
854 4141 959 4191 number
970 4142 999 4190 of
1013 4141 1125 4191 columna
1144 4143 1229 4193 before
1247 4145 1293 4194 the
1309 4145 1371 4195 door
1385 4144 1410 4194 oi

250 4227 409 4275 mandments
421 4226 446 4274 in
458 4225 502 4273 the
513 4225 567 4272 first
580 4224 652 4282 table,
666 4223 716 4271 and
727 4223 765 4271 six
776 4224 803 4271 in
855 4223 898 4272 the
916 4223 1063 4283 tabernaclo,
1080 4223 1161 4274 Exod.
1173 4227 1243 4276 xxvi.
1259 4241 1298 4290 37,
1316 4229 1408 4278 instead

249 4305 402 4357 theaecond.
428 4304 803 4369 Thereadermayconsultths
855 4306 940 4354 ottho
958 4307 1069 4355 columns
1088 4309 1146 4356 that
1164 4311 1298 4373 separated
1316 4312 1354 4360 off
1369 4313 1408 4361 the

250 4386 311 4452 long
334 4395 393 4439 note
415 4390 444 4439 of
466 4389 619 4438 Gannasms
641 4387 666 4433 in
685 4385 803 4435 Ganna’s
856 4385 965 4451 Holyof
978 4387 1072 4447 Iiolies,
1087 4405 1111 4437 v.
1125 4401 1163 4449 32.

251 4466 352 4518 edition.
904 4468 960 4516 2in
978 4469 1048 4527 duras,
1071 4470 1114 4518 thc
1133 4472 1291 4523 translator's
1309 4487 1358 4524 ιιι.
1379 4476 1408 4538 by

300 4548 309 4580 ¹
328 4550 454 4599 Insanus
465 4548 498 4614 by
510 4547 616 4598 mistnlrc
627 4544 750 4597 describes
762 4547 804 4596 tho
856 4550 997 4599 mutilation
1009 4552 1103 4615 having
1113 4554 1238 4617 appeared
1250 4572 1279 4605 aa
1291 4569 1321 4606 11.
