2954 4986
531 349 792 404 cuamsuara.
1175 339 1243 410 375

85 511 129 602 τῇ
147 513 214 580 τῶν
233 512 360 580 λοιπῶν
374 508 561 608 ἀνθρώπων,
577 512 682 588 καθῶς
700 509 742 589 εἷς
759 512 900 591 ἕκαστος
920 514 1024 586 αῦτῶν
1041 512 1102 597 τὴν
1121 511 1242 615 δωρεὰν
1255 531 1308 571 ΗΒ·
1316 531 1344 615 131·
1355 532 1407 572 ¹¹¹¹·

86 623 209 721 ε’ίληφε
233 622 312 721 παρ’
331 623 444 694 αὐτοῦ.
479 624 527 694 Ol
552 621 703 724 μὲνγὰρ
730 623 884 708 δαίμονας
909 627 1079 699 ελαιίνουσι
1095 630 1241 716 βεβαίως
1262 625 1397 711 ‘fflfflll

86 736 140 806 rui
161 737 298 819 ἀληθῶς,
316 731 407 808 ὥστε
429 733 593 813 πολλάκις
616 738 670 808 καὶ
691 740 857 810 πιστεύειν
878 739 992 817 αῦτοῦς
1012 741 1146 818 ἐκείνους
1163 741 1240 820 τοῦς
1253 717 1402 804 22⁵¹:-

86 850 349 948 καθαρισθὲντας
375 847 443 919 ιἰπό
469 854 534 921 τῶν
557 855 705 950 πονηρῶν
727 849 925 937 πνευμάτων,
950 853 1003 924 καὶ
1029 852 1106 923 εἶναι
1131 855 1164 923 ἐν
1195 862 1240 948 τῇ

88 963 255 1054 ἐκκλησίᾳ.
297 961 344 1033 Οί
361 959 396 1031 δὲ
423 962 477 1032 καὶ
502 965 693 1062 πρόγνωσιν
720 964 835 1060 ἔχουσι
863 970 928 1037 τῶν
952 968 1154 1051 μελλόντων,
1184 967 1238 1038 καὶ

89 1077 266 1159 ὀπτασίας,
283 1075 336 1145 καὶ
353 1080 464 1173 ῥήσεις
482 1073 703 1176 προφητικῶς.
741 1077 875 1149 Ἀλλοι
903 1076 937 1148 δὲ
955 1078 1031 1157 τοῦς
1056 1075 1239 1164 κιίμνοντας

89 1186 141 1258 ded
154 1197 212 1271 τῆς
226 1193 292 1260 τῶν
305 1193 423 1286 χειρῶν
438 1188 612 1267 ἐπιθέσεως
629 1193 752 1275 ι’ῶνται,
765 1190 819 1261 καί
839 1194 938 1283 ὑγιεῖς
955 1191 1237 1264 ἇποκαθιστᾶσιν.

80 1299 177 1383 ''qu
196 1298 238 1385 dd,
256 1300 361 1378 καθὼς
380 1303 517 1400 ἔφαμεν,
535 1301 589 1372 καὶ
611 1304 716 1402 νεκροὶ
736 1306 932 1402 ἠγέρθησαν,
951 1305 1021 1376 Ῑκαὶ
1040 1306 1239 1405 παρέμειναν

28 1448 65 1487 ιω.
89 1414 148 1485 σῦν
165 1418 238 1498 ἡμῖν
258 1417 377 1491 ἱκανοῖς
397 1416 498 1486 ἔτεσι.
527 1414 597 1485 Kal
618 1418 654 1488 τί
672 1413 762 1515 γᾶρ;
792 1418 847 1487 οῦκ
867 1419 960 1489 ἔστιν
977 1417 1118 1516 ἆριθμῦν
1137 1421 1239 1489 εἰπεῖν

87 1533 154 1600 τῶν
182 1524 410 1625 χαρισμάτων,
441 1527 483 1599 ῶν
511 1526 598 1600 κατὰ
627 1527 752 1605 παντὸς
782 1535 846 1600 τοῦ
875 1529 1003 1612 κόσμον
1034 1534 1051 1612 ἦ
1083 1531 1239 1613 ἐκκλησία

88 1639 182 1738 παρὰ
213 1641 301 1712 Θεοῦ
328 1643 497 1728 λαβοῦσα,
524 1643 557 1711 ἐν
587 1644 636 1730 τῷ
668 1642 806 1725 ὀνόματι
839 1640 951 1724 Ἰησοῦ
979 1642 1148 1742 Χριστοῦ,
1178 1649 1241 1715 τοῦ

89 1754 338 1852 στανρωθὲντος
377 1752 431 1823 ε’πὶ
464 1753 614 1825 Ποντίου
651 1751 818 1839 Πιλιίτον,
858 1751 997 1837 ἑκάστης
1033 1758 1152 1855 ἡμέρας
1188 1755 1238 1826 ἐπ’

88 1867 260 1965 εὐεργεσίᾳ
292 1873 340 1960 τῇ
374 1871 440 1937 τῶν
471 1868 569 1938 ε’θνῶν
601 1870 757 1951 ε’πιτελεῖ,
787 1872 873 1951 μήτε
901 1866 1106 1961 ἐξαπατῶσα
1137 1866 1237 1953 τινὰς,
1252 1899 1341 1993 ξιιρει
1352 1899 1395 1939 vur.

87 1981 172 2063 μήτε
201 1977 489 2080 ε’ξαργνριζομὲνη.
543 1980 598 2057 Ὡς
627 1978 695 2079 γὰρ
722 1978 843 2081 δωρεὰν
871 1979 992 2081 ε’ίληφε
1022 1979 1114 2080 παρὰ
1143 1982 1239 2066 θεοῦ,

88 2090 210 2192 δωρεὰν
228 2093 281 2162 καὶ
300 2090 448 2162 διακονεῖ.

86 2232 238 2297 beneficia
260 2231 447 2318 reliquorum
472 2231 644 2311 hominum,
670 2233 928 2318 quemadmodum
955 2233 1166 2320 uuusquisque
1189 2255 1241 2300 ac·

87 2337 171 2423 cepit
186 2336 301 2401 donum
316 2338 356 2401 ab
371 2358 418 2400 eo.
466 2335 531 2399 Alii
552 2336 636 2400 enim
651 2336 808 2401 daemones
827 2337 996 2402 excludunt
1015 2336 1190 2402 firmissime
1208 2346 1241 2404 et

88 2464 169 2519 vere,
198 2448 234 2505 ut
262 2441 356 2505 etiam
386 2441 557 2525 saepissime
586 2441 714 2507 credant
743 2442 802 2527 ipsi
832 2442 885 2528 qui
921 2442 1080 2507 emundati
1112 2452 1186 2507 sunt
1221 2464 1242 2507 a

88 2543 286 2631 nequissimis
308 2544 477 2630 spiritibus,
504 2552 536 2608 et
559 2543 623 2609 sint
646 2543 679 2607 in
705 2545 864 2610 Ecclesia:
888 2545 940 2610 alii
970 2554 1076 2609 autem
1104 2553 1137 2610 et
1162 2568 1241 2631 prae·

87 2647 250 2714 scientiam
265 2646 382 2711 habent
396 2647 579 2724 futurorum,
594 2654 627 2711 et
644 2647 787 2726 visiones,
805 2657 838 2713 et
858 2649 1010 2715 dictiones
1034 2649 1241 2736 propheticas.

88 2751 155 2816 Alii
169 2758 274 2815 autern
290 2750 467 2815 laborantes
481 2750 585 2835 aliqua
598 2749 789 2831 infirmitate,
804 2775 860 2839 per
878 2775 990 2818 manus
1012 2754 1241 2840 impositionem

88 2862 208 2931 curant,
224 2861 257 2917 et
271 2875 365 2918 sanos
379 2853 558 2918 restituunt.
594 2852 671 2918 Jam
692 2855 797 2933 etiam,
820 2857 1080 2941 quemadmodum
1095 2857 1240 2935 diximus,

88 2966 121 3020 et
135 2955 248 3020 mortui
261 2963 504 3034 resurrexerunt,
517 2963 549 3020 et
560 2965 832 3041 perseveraverunt
845 2957 1006 3021 nobiscum
1020 2958 1110 3021 annis
1124 2958 1241 3023 multis.

89 3060 134 3123 Et
149 3060 223 3146 quid
245 3060 373 3124 antemi
417 3057 490 3122 Non
508 3067 556 3122 est
578 3081 740 3123 numerum
762 3058 863 3123 dicere
884 3060 1064 3146 gratiarum,
1089 3082 1166 3145 quas
1187 3082 1243 3145 per

89 3164 266 3228 universum
290 3162 440 3226 muudum
465 3161 609 3227 Ecclesia
625 3183 646 3226 a
664 3161 733 3226 Deo
755 3161 920 3248 accipiens,
937 3162 968 3226 iu
984 3162 1108 3227 nomine
1124 3162 1240 3227 Christi

89 3267 113 3330 J
115 3289 181 3344 esu,
197 3265 336 3331 crucifixi
351 3265 410 3329 sub
427 3263 542 3330 Pontio
558 3264 671 3342 Pilato,
688 3286 743 3351 per
763 3264 902 3351 singulos
924 3265 991 3330 dies
1013 3264 1046 3329 in
1066 3266 1242 3350 opitulatio·

90 3392 163 3436 nem
177 3369 319 3457 gentium
336 3367 468 3453 perficit,
490 3389 590 3453 neque
609 3369 762 3432 seducens
783 3367 926 3454 aliquem,
951 3389 1008 3433 nec
1030 3368 1193 3454 pecuniam
1212 3369 1241 3434 ei

88 3475 244 3540 auferens.
296 3470 565 3554 Quemadmodum
600 3471 683 3535 enim
715 3471 814 3559 gratis
839 3471 960 3559 accepit
987 3493 1007 3536 a
1031 3470 1111 3551 Deo,
1143 3472 1243 3557 gratis

89 3587 122 3642 et
148 3577 315 3640 ministrat.
371 3574 457 3640 2Νοο
487 3573 731 3640 invocationibus
757 3574 906 3662 angelicis
931 3575 1007 3640 facit
1034 3575 1161 3662 aliquid,
1185 3598 1242 3641 nec

137 3838 217 3885 ¹The
230 3837 315 3885 rcader
326 3835 376 3884 will
387 3840 432 3884 not
443 3835 526 3883 sailto
541 3834 641 3882 remark
739 3831 1017 3882 ¹Necimecao'ontom
1034 3833 1156 3896 angelicis.
1186 3835 1242 3884 Mu·

87 3921 138 3969 this
154 3919 241 3983 highly
259 3918 406 3981 interesting
424 3916 568 3979 testimony,
584 3916 641 3964 that
690 3915 768 3976 lignos
789 3922 883 3963 tontum
904 3913 1007 3976 spiritus
1027 3914 1071 3964 hoe
1089 3916 1138 3965 loco
1154 3917 1244 3966 intelli·

87 4003 131 4049 the
142 4002 225 4049 divine
236 4001 376 4061 χαρίσματα
387 3996 511 4047 bestowed
518 4012 585 4060 upon
598 3997 641 4044 the
688 3996 778 4058 gendos
793 4003 858 4044 ποίαν
876 3995 1060 4057 lhuordentr'tte,
1082 4014 1140 4060 ηιιοι
1154 3998 1243 4047 aalma

88 4085 170 4132 infant
185 4083 284 4132 Chureh
296 4097 359 4130 were
376 4085 422 4129 not
439 4079 529 4143 wholly
546 4079 641 4127 extiuct
690 4078 838 4139 Simoniani,
844 4078 970 4139 Morcosr'i,
979 4078 1175 4141 θαιροεταιίααί,
1183 4079 1241 4128 olil-

87 4168 112 4214 in
125 4167 168 4215 the
179 4166 240 4229 days
256 4165 284 4213 of
298 4164 432 4212 Innunus.
468 4161 582 4223 Possibly
597 4161 640 4210 the
690 4177 734 4223 que
745 4160 1244 4224 παίηῦείαάιιιαιρναειίρίαιεειτιεμιίοι

87 4249 218 4297 venerable
236 4249 329 4296 Fathcr
345 4247 366 4293 is
383 4245 505 4309 speaking
520 4244 584 4292 from
602 4244 639 4291 his
691 4246 796 4308 inopem
807 4245 941 4294 αοοαόομι.
971 4245 1016 4292 Ast
1027 4260 1069 4292 nee
1081 4244 1242 4306 ῦοιιοιΔιιηι·

87 4348 143 4379 ovvn
156 4330 270 4394 personal
286 4329 441 4377 recollection
460 4327 489 4374 of
501 4342 569 4374 some
585 4326 640 4373 who
690 4325 724 4373 los
736 4326 766 4374 ol
779 4325 884 4374 Ecclesia
898 4325 933 4373 ad
945 4325 1056 4373 vinalem
1067 4324 1243 4374 ιιιίτοιιιῑοειιιιι

87 4414 136 4461 had
148 4414 209 4460 been
221 4411 301 4459 raised
312 4411 376 4458 from
393 4409 436 4457 the
447 4408 518 4468 dead,
530 4408 580 4455 and
591 4407 641 4456 had
690 4408 809 4457 edendam
830 4407 858 4456 ιἰι
880 4406 1002 4455 auxilium
1028 4414 1120 4456 voeoroe
1145 4406 1245 4470 «apion

86 4493 221 4542 continued
236 4493 275 4539 lor
285 4508 301 4539 a
311 4491 372 4538 time
388 4489 468 4552 living
479 4490 605 4538 witnesses
616 4488 645 4537 of
693 4489 808 4552 Ιιμίιηιιιι
824 4489 873 4537 imo
884 4488 913 4537 id
927 4503 976 4537 αοιι
987 4487 1085 4550 foetum
1101 4503 1148 4538 em
1159 4503 1188 4538 ez
1199 4487 1244 4539 ίιοο

85 4580 129 4628 the
140 4579 241 4641 efficacy
253 4576 280 4624 of
289 4574 415 4623 Christian
426 4572 497 4621 saith.
692 4571 744 4632 ι’ριο
762 4569 851 4619 Ικιπαί
867 4569 917 4618 loco
932 4567 1003 4618 laud
1018 4569 1097 4633 inepte
1110 4568 1242 4634 colligitur.

1028 4658 1142 4723 24-v
