2954 4986
557 364 783 418 cnarurnus.
1181 356 1245 421 211

1266 543 1320 582 ΜΒ.
1331 544 1347 583 1.
1358 545 1402 583 nl.

585 571 758 671 Kedw'·
1265 590 1399 676 hersen·

1288 683 1346 722 url.
1357 684 1374 721 l.

367 719 497 808 Qualis
522 733 571 794 est
597 719 769 795 doctrina
796 719 970 796 Casinati.
997 780 1000 785 .

159 865 445 937 ιΚΗΡΙΝΘΟΣ
477 867 512 938 δέ
542 900 601 952 τις,
635 862 728 974 [καὶ]
756 867 854 945 αὐτὸς
881 868 1082 960 Αἰγυπτίων
1110 870 1242 965 παιδείᾳ

89 977 249 1062 donadeis,
269 979 385 1071 ἔλεγεν
403 983 466 1077 οὐχ
482 979 547 1052 ὑπὸ
566 987 629 1052 τοῦ
647 979 784 1081 πρῶτον
802 975 921 1087 [ειιμρῖ.
941 978 1047 1088 θεοῦ]
1069 987 1241 1079 γεγονέναι

32 886 66 960 ln

32 970 63 1007 aa

89 1089 149 1161 τὸν
168 1092 304 1175 κόσμον,
324 1093 402 1163 ἀλλ’
423 1092 487 1164 ὑπὸ
505 1090 662 1178 δυνάμεως
679 1093 768 1171 τινὸς
786 1097 1032 1193 κεχαρισμένης,
1048 1092 1168 1202 [suppl.
1188 1098 1242 1168 rai

89 1199 296 1309 ἇπεχούσης]
326 1212 384 1287 τῆς
415 1205 496 1304 ὑπὲρ
523 1205 568 1278 τὰ
600 1209 664 1278 ὅλα
695 1206 854 1302 ἔξουσίας,
885 1207 939 1277 καὶ
971 1209 1155 1301 ἀγνοούσης
1181 1209 1242 1281 τὸν

88 1313 170 1414 ὑπὲρ
190 1314 302 1388 πάντα
321 1318 416 1389 Θεόν.
470 1318 542 1389 Τὸν
561 1317 595 1389 δὲ
614 1320 745 1402 Ἰησοῦν
774 1321 916 1392 ὑπέθετο
942 1321 987 1405 μὴ
1014 1323 1048 1392 εἰε
1077 1324 1242 1421 παρθένον

89 1433 299 1519 γεγενῆσθαι,
331 1432 503 1522 γεγονέναι
529 1429 563 1502 dd
588 1430 688 1503 αὗτόν
711 1430 749 1526 ἐξ
769 1432 901 1531 Ἰωσὴφ
926 1434 980 1502 καὶ
1010 1434 1146 1532 Μαρίας
1172 1433 1241 1507 οἷον

87 1536 129 1646 [l.
150 1536 247 1646 vida]
266 1543 385 1626 ὁμοίως
403 1555 475 1622 τοῖς
498 1554 631 1621 λοιποῖς
657 1541 784 1615 ἅπασιν
814 1545 1006 1643 ἀνθρώποις,
1034 1547 1087 1617 καὶ
1120 1545 1241 1619 δικαιό-

86 1684 186 1751 τερον
221 1656 394 1747 γεγονέναι
423 1653 516 1762 [Ix'r.
550 1657 604 1728 xci
638 1651 909 1761 φρονιμώτερον]
940 1658 993 1728 καὶ
1030 1644 1239 1759 σοφώτερον.

85 1765 156 1837 Καὶ
186 1766 286 1849 μετὰΙ
305 1767 348 1840 τὸ
381 1767 566 1856 βάπτισμα
594 1774 769 1842 κατελθεῖν
795 1772 837 1846 εἷς
868 1768 969 1841 αὐτὸν
998 1770 1059 1842 τὸν
1087 1768 1128 1877 [l.
1149 1767 1244 1878 dard}

85 1887 144 1960 τῆς
160 1878 242 1978 ὑπὲρ
265 1878 311 1951 τὰ
335 1882 400 1952 ὅλα
423 1883 600 1966 arides-rinc,
622 1880 684 1954 τὸν
706 1881 865 1982 Χριστὸν
884 1884 917 1952 ἕν
934 1882 1007 1953 elder
1028 1889 1239 1983 περιστερᾶς·

85 1991 137 2062 καὶ
168 1994 251 2064 τότε
276 1992 409 2093 κηρῦξαι
436 1993 497 2067 τὸν
523 1994 676 2086 γνωστὸν
707 1991 748 2101 [l.
776 1990 972 2100 ἄγνωστον]
1007 2000 1149 2096 πατέρα,
1186 1999 1239 2069 καὶ

546 2199 646 2266 ΟΑΡ.
674 2198 781 2267 XXI.

161 2340 212 2404 Er
241 2341 415 2407 cerinthus
435 2349 544 2409 autern
569 2342 699 2428 quidam
724 2342 757 2406 iu
773 2342 854 2407 Asia
877 2339 914 2428 [l.
938 2343 1112 2432 AEgypto]‚
1130 2365 1193 2407 non
1219 2367 1239 2411 a

84 2441 189 2526 primo
214 2441 286 2506 Deo
311 2443 432 2508 lactum
455 2465 522 2507 esse
543 2443 697 2507 mundum
719 2443 836 2514 docuit,
853 2444 909 2507 sed
926 2465 946 2508 a
962 2443 1083 2510 virtute
1101 2445 1239 2531 quadam

83 2541 176 2605 valdo
197 2549 356 2627 separata,
378 2550 412 2607 et
435 2543 576 2608 distante
601 2543 642 2607 ab
666 2564 705 2607 ea
728 2541 964 2628 principalitate
982 2566 1052 2628 quae
1069 2552 1119 2608 est
1144 2566 1240 2630 super

83 2641 239 2717 universa,
258 2651 292 2707 et
308 2641 477 2728 ignorante
495 2665 567 2706 eum
585 2641 638 2728 qui
657 2649 706 2707 est
722 2664 818 2728 snper
835 2642 943 2707 omnia
961 2641 1077 2708 Deum.
1125 2643 1149 2707 J
1151 2666 1239 2708 esum

83 2748 193 2805 autem
209 2742 354 2826 subjecit,
373 2764 437 2807 non
454 2765 494 2807 ex
509 2742 630 2829 virgine
645 2750 767 2820 natum,
786 2742 1014 2831 ²[impossibile
1031 2743 1115 2808 enim
1131 2744 1192 2808 hoc
1209 2744 1239 2808 ei

83 2840 184 2904 visum
210 2841 287 2928 eall,
306 2843 402 2906 luisse
418 2851 527 2907 autem
548 2865 620 2907 eum
636 2841 659 2904 J
662 2843 760 2928 oseph
778 2851 812 2908 et
832 2842 947 2907 Mariae
965 2843 1074 2917 filium,
1093 2844 1240 2909 similiter

82 2947 120 3004 ut
138 2941 252 3026 reliqui
267 2963 376 3006 omnes
393 2942 544 3017 homines,
563 2950 597 3006 et
614 2942 684 3027 plus
701 2942 842 3027 potuisse
856 2941 994 3026 justitia,
1006 2951 1039 3006 et
1057 2943 1238 3027 prudentia,

83 3048 117 3104 et
136 3040 294 3126 sapientia
311 3043 370 3106 lab
392 3041 545 3106 omnibus.
598 3041 644 3106 Et
666 3049 740 3125 post
764 3042 958 3125 baptismum
984 3041 1182 3106 descendisse
1206 3043 1239 3105 in

82 3161 165 3218 eum,
184 3142 225 3205 ab
242 3163 280 3205 sa
296 3141 532 3228 principalitate
548 3164 619 3226 quae
637 3151 686 3205 est
708 3140 934 3226 superomnia,
954 3138 1118 3204 Christum
1136 3141 1240 3227 figura

83 3242 253 3315 columbae;
282 3249 316 3307 et
340 3250 417 3308 tunc
434 3242 642 3306 annunciasse
664 3240 862 3326 incognitum
886 3239 1030 3318 Patrem,
1049 3246 1083 3305 ct
1102 3240 1239 3306 virtutes

132 3436 141 3468 ¹
160 3437 212 3486 For
223 3439 266 3488 the
277 3440 392 3503 opinions
403 3440 432 3488 of
439 3440 580 3499 cerinthus,
595 3455 635 3487 sce
683 3454 742 3502 may
758 3438 789 3487 be
808 3438 903 3487 viewed
924 3437 1005 3501 safely
1026 3453 1054 3485 aa
1077 3454 1093 3485 a
1111 3437 1237 3501 marginal

82 3519 126 3567 the
147 3520 333 3582 pronomem
355 3523 405 3572 this
426 3523 519 3571 heretic
540 3521 636 3585 plainly
684 3519 758 3582 gloss,
780 3519 939 3568 Ncitherhas
947 3518 1107 3567 Turonum
1115 3519 1239 3582 anything

82 3600 200 3666 deputed
228 3603 293 3652 from
320 3605 364 3653 the
391 3619 505 3652 common
526 3608 587 3667 type
609 3602 638 3651 of
684 3601 786 3650 similar.

83 3682 187 3732 Dooetic
210 3685 363 3734 Gnosticism
386 3686 413 3733 in
438 3701 486 3733 one
507 3700 568 3748 very
591 3685 634 3732 im-
733 3682 814 3732 ⁸'I'he
830 3684 940 3732 Hebrcw
953 3684 1121 3747 comparative
1134 3684 1155 3732 is
1169 3683 1239 3732 osten

81 3771 184 3827 portant
201 3766 345 3829 particular,
359 3767 441 3815 which
456 3782 515 3825 was,
532 3766 588 3814 that
604 3766 635 3814 hc
684 3765 771 3828 copied
791 3765 817 3812 in
835 3766 880 3813 the
899 3764 987 3814 LXX.
1007 3765 1100 3828 hythe
1117 3764 1239 3827 adjective

82 3845 185 3894 allowed
196 3847 239 3895 the
250 3847 344 3896 human
355 3846 422 3911 body
433 3847 462 3895 os
472 3863 518 3894 our
530 3846 635 3894 Lordto
684 3843 735 3892 and
757 3845 814 3904 ἀπὸ,
838 3843 888 3891 aud
909 3844 1019 3906 through
1040 3844 1084 3891 the
1110 3843 1192 3892 Greek
1218 3844 1240 3892 it

82 3926 145 3974 have
160 3927 222 3975 been
238 3927 319 3975 raised
335 3929 410 3991 again
426 3928 491 3976 lrom
505 3929 548 3976 the
563 3928 634 3977 dead.
684 3925 803 3974 descends
814 3930 841 3973 to
852 3925 1026 3974 eeclesiastical
1037 3925 1121 3973 Latin.
1152 3925 1240 3973 Vetera

81 4008 241 4056 Tnnouonnr
252 4009 636 4058 combinesthetwostatements
684 4007 716 4055 ab
739 4007 767 4054 in
784 4007 1004 4070 comparationibm
1022 4007 1063 4055 usi
1084 4013 1147 4065 sunt,
1167 4006 1240 4054 νεὶιαί

82 4089 138 4138 that
150 4090 182 4138 hc
199 4106 250 4138 was
264 4090 363 4139 trained
374 4091 399 4139 in
412 4090 507 4155 Egypt,
519 4090 569 4139 and
579 4090 636 4139 that
690 4090 807 4152 Valqctus
819 4091 941 4153 Inter-pree
951 4091 1012 4140 huc.
1022 4091 1092 4139 xviii.
1105 4106 1142 4151 14.
1161 4090 1238 4140 Juni-

83 4171 113 4219 he
128 4171 222 4235 taught
240 4171 265 4219 in
283 4173 354 4221 Asia.
383 4169 461 4221 Οὗτος
477 4174 504 4221 ἐν
516 4174 636 4232 Αἰγύπτῳ
679 4171 769 4233 fiemus
789 4173 822 4221 ab
847 4173 897 4233 illo,
922 4188 967 4234 pro
988 4173 1068 4235 magis
1090 4187 1166 4235 quarn
1188 4171 1236 4219 ille.

83 4256 337 4318 πλεῖστονδιατρίψαι
349 4257 441 4318 χρόνον,
455 4259 495 4305 καὶ
508 4259 552 4306 τὰς
567 4259 635 4317 φιλο·
685 4253 788 4302 GBABE.
823 4254 979 4312 lherosdcr,
994 4253 1116 4312 however,
1131 4252 1181 4300 will
1194 4268 1237 4300 no·

83 4338 171 4397 αόφοντ
185 4339 320 4386 παιδευθεὶς
334 4340 475 4398 ἐπιστήμας,
491 4339 589 4400 ὕστερον
604 4340 636 4387 εἰς
684 4336 734 4384 tice
749 4336 807 4384 that
823 4337 892 4384 these
907 4335 989 4383 words
1009 4335 1157 4399 correspond
1177 4333 1238 4381 with

83 4419 221 4477 τὴνἊσίαν
233 4420 340 4480 ἀφίκετο,
355 4423 429 4468 mh.
447 4420 483 4471 H.
498 4419 527 4469 F.
541 4432 571 4469 11.
585 4434 606 4482 3.
685 4418 791 4480 nothing
810 4417 836 4465 in
854 4417 896 4465 the
914 4416 1005 4464 Greek.
1031 4416 1117 4464 Mssa.
1137 4415 1181 4462 has
1199 4413 1238 4461 ho·

130 4495 142 4527 ¹
164 4497 246 4545 'lhese
267 4497 348 4545 words
371 4513 414 4546 are
437 4503 484 4546 not
511 4499 636 4547 indicated
685 4499 800 4557 minibus,
820 4500 867 4546 but
887 4499 937 4549 Ga.
963 4500 1027 4547 from
1045 4500 1088 4546 the
1105 4499 1156 4546 Aa.
1178 4496 1237 4545 MS.

84 4577 108 4626 iu
125 4579 169 4627 the
187 4582 244 4626 text
262 4577 292 4625 of
308 4576 487 4639 leronrrns,
508 4579 559 4628 and
576 4580 636 4644 they
687 4579 805 4629 manibus.

1023 4669 1136 4731 14-e
