2954 4986
567 349 776 405 runmsrno.
1199 336 1249 414 37

94 507 222 599 γένεσιν
251 508 400 608 εῖληφεν,
426 511 460 581 ἐκ
489 507 525 581 δὲ
551 515 615 582 ποιῖ
639 511 789 602 γέλωτος
817 512 915 596 miris·
940 510 984 586 τὸ
1012 519 1092 615 φῶς»
1125 515 1180 588 Καὶ
1214 517 1249 591 ⁶⁰¹⁶
1272 530 1405 619 {³¹12}st

93 626 151 701 Τῆς
180 619 367 715 ἐκπλήξεως
390 622 443 692 Καὶ
469 630 528 705 '⁰3⁹
549 622 733 719 ἆμηχανῖαυ
758 621 803 697 τὰ
832 623 1005 709 σωματικὰ
1032 633 1096 700 τοιῖ
1121 623 1416 713 κόσμουἮ

94 743 272 828 στοιχεῖα;
298 734 474 818 Βούλομαι
495 733 530 805 δὲ
546 734 600 807 καῖ
619 734 717 812 αὑτός
736 749 989 829 συνεισενεγκεῖν
1004 771 1039 812 τι
1058 742 1101 834 τῇ
1119 770 1248 841 καρπο-

95 846 202 942 φορῖᾳ
226 846 341 917 αὑτῶν.
383 845 522 933 Ἐπειδὴ
543 844 613 946 γάρ
637 849 703 946 ὁριῖι
728 845 773 919 τά
797 847 857 933 μὲν
882 852 1005 941 γλυκέα
1027 849 1132 922 tlara
1155 855 1245 939 ὄντα,

16 1007 20 1017 -
96 953 165 1026 οῖον
191 955 310 1049 πηγὰς,
334 958 389 1028 καῖ
417 959 597 1045 ποπαμοὺς,
626 960 680 1031 καῖ
702 961 856 1060 ὄμβρους,
880 963 934 1033 καῖ
958 961 1004 1035 τά
1022 972 1173 1037 τοιαῦτα·
1199 963 1246 1038 sci

96 1066 130 1139 di
155 1070 211 1139 ε’πῖ
239 1081 315 1147 ταῖς
344 1068 535 1149 θαλάσσαις
560 1069 703 1171 αλμυρά·
733 1073 851 1144 ἕπινοιῖι
873 1074 918 1158 μὴ
944 1071 1057 1147 πάντα
1084 1074 1153 1148 ἆπδ
1178 1082 1246 1150 τῖον

95 1178 237 1280 δακρύων
260 1184 360 1265 αὑτῆς
387 1186 663 1283 προβεβλῆσθαι,
690 1182 776 1257 διότι
802 1184 846 1257 πδ
869 1182 1006 1286 δάκρυον
1029 1186 1177 1287 α’λμυρῖιν
1200 1192 1246 1284 τῇ

94 1296 253 1376 ποιότητι
280 1294 433 1395 ὑπάρχει·
466 1295 612 1396 φανερόν
636 1294 698 1381 οὑν,
719 1299 772 1369 ότι
791 1296 836 1370 τὰ
854 1297 986 1399 αλμυρά
1008 1297 1111 1371 ὑδατα
1135 1298 1245 1374 ταῦτά

95 1407 168 1477 ῖστι
187 1404 233 1478 τὰ
251 1406 321 1478 ἆπῖι
340 1413 406 1479 τῶν
427 1407 577 1508 δακρύων.
612 1407 715 1485 Εῖκδς
741 1408 776 1479 δὲ
799 1410 898 1493 αύπῆν
925 1413 958 1481 ἕν
983 1412 1107 1506 ἆγωυῖᾳ
1131 1420 1250 1508 πολλῇ

26 1568 31 1578 -
61 1572 66 1580 -
93 1519 146 1589 καῖ
172 1519 338 1615 ἆμηχαυῖᾳ
365 1531 539 1612 ’γεγονυῖαν
563 1520 618 1591 καῖ
647 1519 821 1620 ἱδρωκὲναι·
848 1524 993 1595 ε’ντειῖθεν
1018 1522 1056 1606 δὴ
1079 1523 1166 1597 κατὰ
1185 1527 1247 1609 τῖιν

93 1633 252 1701 ὑπόθεσιν
269 1634 374 1704 αὑτῶν
390 1629 639 1720 ὑπολαμβάνειν
656 1631 712 1717 δεῖ,
732 1632 842 1726 πηγάς
864 1635 917 1704 καῖ
941 1637 1120 1720 ποταμοὺς,
1144 1638 1198 1708 καῖ
1217 1638 1248 1709 εῖ

93 1774 169 1816 τινα
192 1742 283 1814 ἅλλα
301 1745 427 1835 ’γλυκέα
445 1744 554 1816 ύδατα
571 1743 722 1844 ὑπάρχει,
742 1746 802 1828 τὴν
820 1747 949 1838 γεύεσιν
964 1747 1009 1830 μὴ
1028 1743 1070 1853 [l.
1081 1743 1244 1854 μετεσχ]

93 1856 266 1952 ἐσχηκέναι
286 1855 356 1927 άπὸ
375 1861 441 1928 πῶν
458 1856 599 1956 δακρύων
626 1852 811 1963 [ῖδριύτιυν]
838 1859 944 1941 αὑτῆς·
982 1859 1144 1931 ἆπῖθανον
1167 1858 1246 1960 γὰρ,

93 1972 169 2050 μιᾶς
196 1971 378 2051 ποιότητος
407 1972 503 2052 ούσης
529 1975 596 2042 τιῖιυ
625 1968 774 2068 δακρύων,
804 1967 850 2042 πῖι
878 1968 937 2054 μὲν
965 1969 1106 2071 ἁλμυρά,
1136 1969 1181 2044 τά
1211 1970 1247 2043 δὲ

94 2082 220 2173 γλυκέα
240 2079 345 2153 ὑδατα
364 2079 403 2175 ἐξ
418 2083 523 2152 αὑτῶν
545 2086 730 2181 προελθεῖν·
759 2088 865 2154 τοῦτο
888 2080 924 2152 δὲ
947 2085 1180 2182 πιθανώτερον,
1200 2083 1246 2157 τά

93 2192 154 2277 μὲν
173 2192 252 2264 εἶναι
275 2191 344 2264 άπδ
361 2199 427 2265 τῶν
450 2191 599 2293 δακρύων,
618 2191 665 2266 τῖι
689 2191 724 2264 δὲ
742 2193 811 2264 άπὸ
833 2199 900 2266 τῶν
921 2192 1075 2293 ῖδριύτων.
1105 2195 1247 2281 Ἐπειδῖη

92 2431 215 2496 tionem
232 2437 443 2517 acceperunt:
468 2428 591 2497 derisu
607 2436 716 2496 autem
734 2431 802 2518 ejus
818 2431 934 2510 lumen,
954 2432 994 2498 de
1008 2455 1126 2519 pavore
1138 2439 1247 2498 autern

93 2538 128 2596 et
157 2530 429 2596 inconstabilitate
457 2530 634 2616 corporalia
662 2531 772 2595 mundi
797 2532 974 2597 elementa!
1027 2530 1111 2598 Volo
1137 2540 1247 2599 autem

92 2630 214 2716 aliquid
234 2638 268 2695 et
290 2652 349 2717 ego
374 2630 517 2696 conferre
541 2629 778 2695 fructificationi
805 2653 923 2696 eorum.
977 2630 1136 2708 Quoniam
1163 2632 1247 2697 enim

92 2729 186 2795 video
212 2729 319 2794 dulces
345 2729 472 2815 quidem
497 2730 650 2814 quasdam
675 2752 784 2815 aquas,
801 2738 839 2796 ut
864 2731 978 2807 fontes,
994 2739 1028 2796 et
1053 2731 1193 2809 flumina,
1212 2740 1247 2797 et

93 2829 222 2906 imbres,
240 2835 275 2894 et
291 2829 388 2904 talia3
406 2850 477 2914 quae
493 2836 601 2894 autem
618 2837 692 2894 sunt
709 2829 742 2893 in
758 2830 840 2895 mari
856 2831 972 2896 salsas:
998 2830 1166 2896 adinvenio
1183 2850 1248 2896 non

94 2928 202 2992 omnia
227 2950 248 2992 a
274 2928 421 3014 lacrymis
448 2929 515 3014 ejus
544 2928 666 3004 emissa,
695 2929 844 3013 quoniam
870 2929 1017 3016 lacrymae
1050 2929 1141 2994 salsae
1172 2935 1248 2994 sunt

93 3027 259 3113 qualitate.
313 3027 521 3093 Manifestum
537 3027 645 3114 igitur,
665 3028 813 3113 quoniam
831 3029 920 3093 salsae
941 3049 1032 3112 aquae
1057 3034 1132 3091 sunt
1156 3028 1207 3091 hae
1227 3049 1248 3090 a

91 3127 251 3212 lacrymis.
278 3127 401 3212 Opinor
413 3133 521 3193 autem
536 3149 605 3192 eam
622 3127 655 3190 in
670 3128 786 3214 agonia
802 3135 836 3191 et
853 3127 886 3191 in
902 3125 1116 3190 inconstantia
1133 3124 1248 3212 grandi

93 3225 303 3291 constitutam
320 3235 354 3291 et
366 3227 504 3291 sudasse.
532 3225 629 3291 Unde
642 3226 738 3291 etiam
755 3227 926 3291 secundum
939 3225 1249 3312 argumentationem

93 3326 236 3411 ipsorum
252 3325 403 3412 suspicari
420 3332 559 3411 oportet,
576 3326 681 3390 fontes
697 3333 731 3391 et
746 3325 885 3401 flumina,
902 3332 936 3389 et
952 3325 979 3389 si
995 3345 1066 3410 quae
1082 3331 1157 3389 sunt
1177 3324 1249 3389 alie

94 3447 187 3511 aqnoe
203 3425 320 3505 dulces,
337 3425 575 3512 generationem
591 3424 737 3490 habuisse
754 3448 773 3490 a
790 3424 971 3489 ¹sudoribus
988 3424 1063 3510 ejus.
1107 3423 1181 3489 Non
1199 3430 1249 3490 est

95 3525 179 3589 enim
199 3525 363 3598 suadibile,
380 3545 452 3589 cum
475 3524 540 3590 sint
562 3523 654 3588 unius
675 3525 838 3608 qualitatis
859 3525 1018 3610 lacrymae,
1040 3524 1158 3589 alteras
1181 3522 1250 3609 qui-

95 3624 169 3688 dem
185 3624 294 3702 salsas
312 3625 430 3690 alteras
445 3624 552 3688 dulces
569 3645 669 3708 aquas
685 3624 778 3689 exiis
795 3624 906 3689 exisse.
937 3623 1008 3689 Ηοο
1023 3632 1131 3689 autem
1148 3622 1250 3710 magis

95 3722 260 3802 suadibile,
279 3724 397 3790 alteras
418 3723 546 3810 quidem
567 3745 635 3787 esse
652 3745 672 3788 a
688 3723 844 3810 lacrymis,
862 3724 980 3788 alteras
999 3745 1075 3788 vero
1092 3744 1112 3788 a
1127 3722 1250 3788 sudori-

96 3822 163 3889 bus.
215 3823 377 3900 Quoniam
391 3831 499 3888 autem
516 3830 550 3888 et
567 3822 677 3888 calidae
694 3830 728 3888 et
744 3829 880 3888 austera
898 3823 1043 3908 quadam
1060 3829 1135 3887 sunt
1158 3843 1249 3910 aquae

144 4045 154 4078 ¹
164 4046 218 4096 The
228 4047 364 4096 translator
374 4047 464 4111 clearly
476 4046 595 4096 indicates
606 4046 649 4096 the
698 4045 805 4108 δλςιύρας
816 4045 943 4095 θαλάσσας
954 4044 1097 4106 ὑπέατησεν,
1110 4044 1141 4094 ὡς
1158 4044 1184 4104 ἐξ
1199 4044 1250 4094 did·

94 4127 230 4191 prdarablc
240 4128 343 4192 reading
354 4129 501 4191 eliopoleos,
514 4127 650 4192 supported
698 4144 738 4186 νης
761 4128 801 4175 καῖ
829 4128 961 4189 ὅριμυγμοΰ
988 4127 1069 4175 ἱκανοῦ
1091 4125 1250 4188 προχυθέντα.

94 4208 231 4272 uitisby
242 4208 286 4257 the
299 4214 344 4272 apt
361 4208 492 4272 quotation
503 4208 532 4256 ol
545 4208 647 4268 Gema,
698 4211 728 4258 Ι0
754 4210 781 4258 δὲ
803 4211 870 4271 uper
891 4210 935 4268 τῆς
960 4209 1116 4270 ταλαιπώρου
1141 4205 1253 4268 γυναικὸς

93 4288 157 4338 irum
174 4290 264 4338 Ninus
279 4290 339 4340 Asc.
357 4290 401 4339 the
418 4289 520 4353 disciple
539 4289 568 4338 of
582 4289 608 4338 S.
621 4288 647 4338 J.
699 4293 780 4351 πηγὰς
808 4292 950 4352 ἐξηρεύξατο
981 4291 1022 4339 καῖ
1055 4287 1178 4347 ποταμοὺς
1211 4286 1253 4334 καῖ

95 4370 311 4436 curynoetomud
320 4371 436 4435 Carpion.
447 4371 651 4436 Volcarum
699 4373 800 4433 φρέατα,
820 4372 905 4429 λίμνας
921 4387 949 4418 τε
966 4371 1006 4419 και
1021 4371 1054 4418 τὰ
1077 4368 1131 4428 ἑξῆς
1148 4365 1251 4428 γλυκέα·

96 4454 278 4513 σεάπαηῆσαι
288 4455 400 4515 λέγοντα,
418 4454 456 4502 θυι
471 4454 504 4502 τὰ
517 4454 561 4512 μὲν
576 4453 651 4514 πικρὰ
698 4454 777 4501 ταῦτα
804 4453 863 4513 πρὸς
884 4452 926 4499 τὸν
948 4451 991 4500 σὸν
1017 4450 1090 4510 λῆρον
1115 4444 1252 4507 stiam

96 4535 138 4594 τῆς
165 4535 320 4597 ἀνυπάρκτου
347 4535 467 4595 ’Δχαςιὼθ
492 4535 582 4596 δάκρυα
607 4535 650 4582 rtr
699 4535 810 4594 λέγομεν.
