2954 4986
256 338 299 406 78
708 355 736 406 ε.
757 354 956 406 Jonannns

96 529 237 616 Ιὸῐέιῐφιῐαθ·
257 514 404 596 ε’μήννσε·
432 512 489 584 Τὰ
510 512 570 597 μὲν
590 512 657 612 γὰρ
676 516 751 597 ὅλα,
770 516 845 612 ἔφη,
865 512 903 582 δι’
925 514 1026 584 αὑτοῦ
1046 516 1259 604 γεγενῆσθαι,
1282 512 1356 595 ιτὴν
1376 511 1409 581 ‹li

92 623 242 708 millii
258 624 341 726 ζωὴν
360 626 393 695 ἐν
410 627 507 717 αὐτῷ.
546 622 646 709 Αὕτη
667 624 720 696 οὖν
739 631 756 708 ἡ
777 627 810 696 ἐν
828 627 917 715 αὗτῷ
936 626 1092 717 γενομένη
1112 626 1297 723 οἰκειοτέρα
1315 625 1409 695 ἐστὶν

90 740 239 751 *-
256 739 289 808 ἐν
309 740 397 826 αὐτῷ
416 742 482 810 τῶν
507 738 547 808 δι’
566 740 668 809 αὑτοῦ
687 739 876 830 γενομένων·
906 739 1039 809 σύνεστι
1068 735 1136 835 γὰρ
1165 739 1265 827 αὐτῷ,
1289 738 1343 808 καὶ
1370 736 1409 807 δι’

255 850 359 921 αὐτοῦ
372 858 601 950 καρποφορεῖ·
629 850 738 933 ἐπειδὴ
753 848 821 948 γὰρ
839 851 1000 948 ἐπιφέρει,
1016 850 1069 920 καὶ
1090 849 1186 950 ἡζωη
1201 849 1238 932 ἦν
1257 849 1301 921 τὸ
1318 854 1407 947 αφῶς

255 967 321 1033 τῶν
334 961 732 1062 ἆνθρώπων,”Ανθρωπον
745 963 842 1033 εἰπὼν
860 961 947 1059 ἄρτι,
960 962 1012 1032 καὶ
1028 963 1088 1045 τὴν
1101 962 1308 1044 Ἐκκλησίαν
1323 966 1407 1045 ὁμω-

256 1075 355 1157 νύμως
379 1078 428 1164 τῷ
458 1075 642 1173 Ἀνθρώπου
671 1075 832 1158 ἐμήνυσεν,
860 1076 947 1151 ὅπως
979 1072 1031 1144 διὰ
1058 1081 1122 1146 τοῦ
1146 1073 1215 1151 ἑνὸς
1242 1077 1406 1157 ὀνόματος
1419 1097 1471 1135 Μ-

255 1183 386 1280 δηλῶση
409 1188 468 1269 τὴν
490 1196 547 1269 τῆς
572 1186 728 1288 συζυγίας
751 1187 924 1257 κοινωνίαν.
953 1186 1017 1256 Ἐκ
1042 1184 1110 1285 γὰρ
1130 1192 1193 1257 τοῦ
1214 1185 1339 1278 Λόγου
1353 1188 1405 1258 καὶ

254 1305 313 1380 τῆς
330 1297 418 1380 Ζωιῐς
434 1298 636 1398 Ἀνθρωπος
656 1300 783 1390 γίνεται
803 1298 856 1369 καὶ
876 1297 1072 1380 Ἐκκλησία.
1101 1300 1175 1375 Φῶς
1195 1297 1230 1368 δὲ
1250 1299 1323 1368 εἷπε
1341 1305 1404 1371 τῶν

254 1410 433 1509 ἀνθρώπων
449 1411 510 1494 την
526 1411 625 1495 Ζωην,
640 1409 692 1481 διὰ
710 1408 753 1482 τό
769 1411 984 1510 πεφωτῖσθαι
1004 1411 1118 1487 αὖτοὺς
1135 1411 1187 1480 ὑπ’
1203 1411 1311 1495 αὐτῆς,
1328 1412 1347 1482 ὃ
1368 1411 1403 1494 δή

253 1523 327 1594 ε’στι
343 1527 588 1621 μεμορφῶσθαι
606 1524 660 1594 καὶ
679 1527 947 1623 πεφανερῶσθαι.
974 1523 1091 1594 Τοῦτο
1111 1521 1145 1593 δὲ
1158 1524 1211 1593 καὶ
1230 1526 1249 1594 ὁ
1264 1523 1403 1600 Παῦλος

252 1635 357 1725 λέγει·
402 1634 481 1705 Πᾶν
507 1634 574 1734 γὰρ
595 1635 638 1706 τὸ
658 1637 900 1735 φανερούμενον
927 1639 998 1733 φῶς
1020 1637 1122 1706 ἐστιν.
1167 1635 1268 1705 Ἐπεὶ
1295 1637 1402 1744 τοίνυν

252 1748 442 1845 ἐφανέρωσε
460 1748 513 1818 καὶ
534 1749 685 1839 ἐγέννησε
703 1749 764 1819 τόν
783 1779 822 1819 τε
832 1745 1036 1846 ’Ἄνθρωπον
1053 1747 1107 1818 καὶ
1126 1747 1186 1830 τὴν
1196 1747 1403 1830 Ἐκκλησίαν

252 1859 370 1943 aizoi,
392 1865 463 1958 φῶς
483 1863 632 1957 εἰρῆσθαι
660 1853 827 1966 [εἴρηται]
852 1861 966 1931 αὐτῶν.
1007 1861 1132 1958 Σαφῶς
1153 1857 1206 1930 οὖν
1227 1858 1402 1943 δεδήλωκεν

251 1973 271 2040 ὁ
299 1968 445 2053 Ἰωάννης
477 1970 529 2042 διὰ
564 1977 630 2043 τῶν
660 1973 773 2063 λόγων
805 1973 940 2056 τούτων,
973 1969 1018 2043 τα’
1050 2002 1090 2043 τε
1120 1971 1222 2056 ἄλλα,
1255 1973 1310 2042 καὶ
1343 1974 1401 2054 την

250 2080 399 2180 τετράδα
418 2084 479 2166 τὴν
499 2082 659 2184 δευτέραν,
682 2082 804 2174 Λόγον
826 2082 879 2154 καὶ
904 2083 1221 2182 Ζωην,’Άνθρωπον
1245 2085 1300 2155 καὶ
1321 2085 1401 2154 Ἐκ-

249 2193 397 2277 κλησῖαν.
423 2193 540 2266 Ἀλλὰ
555 2197 618 2279 μην
631 2198 684 2266 καὶ
698 2198 758 2277 την
777 2195 911 2294 τρῶτην
928 2197 1063 2280 ε’μιὶνυσε
1079 2193 1242 2294 τετράδα·
1271 2195 1401 2289 διηγού-

248 2389 299 2456 hic
316 2390 400 2456 enim
417 2392 558 2480 syzygias
575 2391 803 2458 manifestavit:
826 2393 939 2457 Omnia
953 2394 1042 2467 enim,
1056 2391 1112 2470 ait,
1127 2413 1185 2478 per
1195 2393 1401 2480 ipraumsoctc

247 2502 328 2569 ιαιιι,
344 2492 412 2556 cita
430 2503 530 2558 autom
547 2493 583 2557 io
600 2493 675 2579 ι’ρεο.
730 2491 810 2556 Haec
826 2513 903 2578 ergo
918 2514 989 2577 quae
1005 2491 1037 2555 in
1055 2514 1093 2557 eo
1110 2493 1196 2557 facta
1213 2501 1274 2574 εει,
1293 2496 1400 2580 proxi-

247 2589 328 2655 mior
341 2597 390 2655 est
408 2613 501 2676 quam
516 2613 554 2657 ea
571 2615 641 2677 quae
657 2613 715 2677 per
732 2591 833 2676 ipsum
850 2591 936 2656 facta
957 2601 1046 2657 sunt:
1068 2613 1138 2656 cum
1156 2591 1225 2676 ipso
1242 2601 1293 2658 est
1306 2596 1398 2670 eninr,

247 2696 282 2754 ει
309 2712 367 2774 per
395 2689 498 2775 ipsum
522 2691 703 2756 fructificat.
765 2689 925 2767 Quoniam
950 2691 1057 2771 infert,
1088 2691 1135 2756 Et
1158 2691 1226 2756 οιία
1251 2706 1321 2759 ενοι
1348 2694 1401 2760 lua

246 2787 410 2854 homiuum.
461 2790 656 2855 8Ηοιῐιίιιειο
673 2797 781 2855 autem
802 2811 886 2854 nunc
907 2799 940 2854 et
958 2790 1130 2856 Ecclesiam
1153 2788 1246 2855 simili
1273 2792 1400 2859 nomine

247 2885 445 2975 significavit,
465 2897 501 2955 ut
518 2911 576 2976 per
595 2912 694 2955 unum
715 2911 830 2954 nomen
849 2890 1031 2955 manifestet
1051 2889 1185 2977 syzygias
1206 2894 1399 2959 communio·

246 3008 328 3054 nem.
381 2987 433 3055 Ex
459 2989 548 3077 Logo
574 2989 656 3054 enim
684 2997 718 3054 et
748 2989 816 3053 Zoe
845 2988 953 3054 Homo
982 2998 1154 3076 generatur
1181 2999 1216 3054 ει
1242 2991 1395 3062 Ecclesia.

248 3086 370 3154 Lumen
393 3097 502 3156 autem
525 3090 606 3155 dixit
632 3090 794 3154 hominum
819 3087 927 3161 vitam,
956 3090 1104 3174 quoniam
1128 3089 1299 3156 illuminati
1325 3103 1398 3159 sunt

245 3189 287 3252 ab
314 3211 360 3263 ea,
392 3191 475 3274 quod
501 3197 549 3255 est
576 3189 748 3254 formatum
771 3198 805 3252 et
831 3187 1078 3253 manifestatum.
1126 3187 1200 3254 Hoc
1225 3199 1336 3257 autem
1366 3201 1398 3258 et

247 3284 366 3350 Paulus
383 3289 481 3352 dicit:
505 3292 599 3353 Οιιιιιε
611 3290 691 3354 enim
706 3289 785 3374 quod
799 3288 1017 3373 manifestatur
1033 3289 1133 3354 lamen
1146 3299 1196 3354 ιιι.
1238 3288 1398 3366 Quoniam

120 3423 126 3436 ·
199 3445 209 3461 ‚
245 3382 344 3470 igitur
368 3386 434 3450 vita
460 3387 673 3452 manifestavit
700 3395 733 3452 et
757 3388 920 3474 generavit
947 3388 1120 3452 Hominem
1150 3397 1185 3454 ει
1213 3390 1396 3467 Ecclesiam,

210 3536 215 3547 .
244 3482 351 3547 lumen
377 3485 463 3549 dicta
486 3492 535 3550 est
560 3507 678 3550 eorum.
731 3487 852 3572 Aperte
877 3486 975 3573 igitur
998 3487 1212 3554 manifestavit
1231 3488 1255 3552 J
1258 3490 1397 3556 ohannes

245 3603 303 3666 per
320 3604 479 3648 sermones
502 3585 569 3660 hos,
588 3592 621 3650 et
643 3586 713 3660 alia,
735 3594 769 3651 et
792 3587 1066 3671 quaternationem
1084 3588 1264 3663 secundam,
1287 3590 1396 3678 Logon

245 3687 278 3745 et
296 3681 394 3761 Zoen,
415 3682 607 3770 Anthropon
625 3694 658 3750 et
677 3685 859 3750 Ecclesiam.
914 3685 977 3750 Sed
996 3677 1031 3752 'et
1053 3687 1188 3772 primam
1207 3688 1396 3775 significavit

244 3781 414 3847 tetradem.
458 3783 605 3850 Narrans
628 3784 711 3850 enim
734 3786 775 3850 de
802 3785 977 3868 Salvatore,
994 3793 1028 3851 et
1054 3787 1170 3852 docens
1190 3789 1307 3866 omnia,
1327 3813 1396 3875 quae

244 3970 346 4020 Didae.
358 3972 410 4032 Or„
423 3974 436 4023 ὁ
447 3975 547 4036 γέγονεν
558 3977 582 4024 ἐν
594 3978 659 4037 αὐτῷ
670 3979 705 4037 τῷ
716 3978 790 4038 λόγῳ,
843 3977 884 4025 life
895 3993 924 4025 or
935 3979 1080 4039 ἐντελέχεια,
1094 3995 1188 4043 among
1199 3981 1242 4029 the
1253 3983 1362 4031 number
1372 3982 1398 4030 of

243 4053 291 4111 lteri
303 4052 332 4111 ἦν
343 4053 358 4112 ἡ
369 4056 479 4116 σύζυγον
498 4057 533 4104 διὸ
545 4057 585 4104 καί
592 4065 666 4118 φησιν
674 4058 687 4107 ὀ
696 4059 789 4118 Κύριος,
842 4059 928 4122 things
940 4065 1030 4109 create.

242 4131 444 4193 ἐγὼκῖμιὴζωή,
464 4133 512 4190 ἓό.
891 4138 902 4169 ²
923 4141 936 4188 ὁ
958 4142 983 4188 δὲ
1006 4142 1031 4188 ἐν
1052 4142 1184 4200 ταντισηιι
1206 4149 1345 4205 μονογενὴς,
1370 4144 1396 4194 οὔ

290 4212 300 4244 ¹
318 4213 447 4262 Maestum
461 4217 569 4265 reminds
585 4217 623 4265 his
634 4217 719 4267 render
735 4219 792 4267 that
842 4223 905 4269 κατὰ
916 4223 1012 4280 δύναμιν
1024 4223 1170 4271 ἀδιάστατον
1182 4224 1288 4287 ὀσωτὴρ
1297 4229 1391 4289 ἐνεργεῖ,

241 4297 285 4344 the
310 4296 488 4346 Macedoniam
516 4314 544 4346 or
568 4298 791 4348 Pncumatomachi
841 4299 910 4351 οὗτος
921 4304 974 4351 ἐστι
985 4305 1013 4351 τὸ
1025 4305 1075 4364 oua
1086 4306 1129 4363 τῆς
1141 4306 1392 4370 ἑκκλησιαιτῆςτρι

240 4375 348 4439 adopted
370 4377 419 4424 this
442 4377 604 4425 Valentinian
622 4378 684 4426 view
701 4379 730 4425 of
748 4380 791 4427 the
840 4399 908 4444 τερον
935 4384 960 4431 ἐν
981 4386 1060 4445 σκότῳ
1083 4387 1123 4434 καὶ
1146 4387 1172 4434 ἐν
1198 4389 1287 4450 ἀγνοίᾳ
1315 4393 1390 4448 οὔσης.

240 4470 308 4504 same
323 4461 384 4516 text,
400 4457 456 4505 that
470 4457 531 4521 they
542 4458 624 4521 might
638 4459 737 4507 include
748 4461 790 4508 the
840 4463 943 4512 Dictaeo.
960 4465 1001 4514 Or.
1016 4465 1029 4522 ἓ
1041 4468 1064 4515 8.

241 4535 311 4600 Holy
323 4538 409 4602 Spin-it,
423 4539 484 4588 vvith
498 4540 567 4588 thern
579 4555 594 4587 a
604 4555 671 4588 ruere
682 4540 753 4603 spirit
765 4541 793 4588 of
888 4542 898 4575 ²
915 4545 967 4592 The
979 4544 1056 4596 MSS.
1069 4547 1133 4596 have
1144 4547 1272 4600 Ηοιιιίιιιι.
