2954 4986
233 352 297 415 154
660 363 939 417 MAROOSIORUM

66 523 251 626 ιὲέῐριᾞ-ῑγῆ
274 520 335 594 τόν
359 522 589 605 όνονόμαστον
613 519 778 621 ὀνομάζει,
802 520 856 591 καί
882 519 944 593 τόν
963 520 1109 619 ἅῤῥητον
1129 520 1313 616 ἐξηγεῖται,
1335 526 1456 595 eatae

67 634 217 674 ¹³⁸⁸·¹·¹'·⁶‘
231 634 292 707 τόν
319 633 574 730 ἀνεξιχνίαστον
598 631 777 732 ε’ξιστορεῖ·
807 633 860 703 καί
885 635 1048 730 ἤνοιχέναι
1070 633 1114 705 τὸ
1138 637 1256 719 στόμα
1283 638 1388 735 φησίν

232 746 315 820 αὑτό
342 744 383 853 [l.
408 741 537 850 αότὸν],
561 746 598 817 ὃν
623 747 804 829 ἆσόματον
826 746 880 816 καί
904 745 1044 818 ἇνείόεον
1071 748 1193 839 λε’γεις·
1219 749 1275 819 καί
1303 781 1388 848 τρο·

231 862 430 952 ενίγκασθαι
444 858 576 952 Λόγον,
589 862 630 936 ὡς
647 861 727 930 ἕντι
743 864 809 930 τῶν
826 861 989 931 συνθέτων
1008 857 1106 960 ζώων·
1130 862 1193 933 τόν
1210 893 1252 933 τε
1264 860 1386 953 Λόγον

231 975 334 1045 altor?
351 973 466 1056 ὅμοιον
489 974 571 1042 ὄντα
597 974 646 1061 τῷ
670 973 895 1071 προβαλόντι,
917 972 972 1042 καὶ
996 973 1132 1072 μορφὴν
1154 979 1219 1046 τοῦ
1236 972 1386 1073 ἆοράτου

232 1086 413 1177 γεγονότα,
432 1085 610 1181 στοιχείων
635 1082 695 1167 μὲν
719 1083 798 1155 εἶναι
821 1081 1013 1183 τριάκοντα,
1038 1088 1224 1174 συλλαβῶν
1247 1085 1283 1158 di
1306 1120 1386 1160 τεσ-

231 1195 363 1297 σάρων;
382 1197 516 1269 Ἔσται
538 1194 695 1269 οὖνκατὰ
715 1197 775 1280 τὴν
795 1197 981 1280 ὁμοιότητα
998 1202 1061 1269 τοῦ
1075 1197 1199 1290 Λόγον
1218 1202 1238 1270 ὁ
1259 1200 1383 1299 Πατὴρ

230 1316 296 1381 τῶν
314 1307 454 1393 πόντων,
479 1313 519 1387 ὡς
543 1309 584 1380 σὺ
608 1309 682 1408 φὴς,
706 1311 884 1406 στοιχείων
906 1308 967 1393 μὲν
988 1307 1181 1409 τριάκοντα,
1201 1315 1385 1399 συλλαβῶν

231 1421 267 1494 δὲ
288 1419 474 1522 τεσσάρων.
513 1419 567 1491 Ἦ
599 1418 702 1492 πάλιν
724 1423 776 1498 τίς
799 1420 953 1516 ἀνέξεταί
979 1454 1041 1493 σου
1071 1426 1113 1500 είς
1137 1429 1303 1520 σχήματα
1331 1425 1383 1495 καὶ

230 1535 395 1635 ιἰριθμοὺς,
414 1531 501 1606 τοτὲ
517 1532 577 1618 μὲν
593 1531 786 1632 τριάκοντα,
817 1533 904 1606 τοτὲ
935 1532 970 1605 δὲ
995 1537 1267 1635 εἰκοσιτέσσαρα,
1297 1537 1385 1608 τοτὲ

231 1645 266 1718 δὲ
298 1646 340 1743 ἓξ
368 1649 478 1732 μόνον,
514 1648 751 1739 συγκλείοντας
782 1645 844 1718 τόν
876 1652 943 1719 τῶν
977 1644 1110 1718 πάντων
1142 1650 1293 1732 κτιστὴν,
1330 1650 1383 1720 καί

230 1758 437 1859 δημιουργόν,
457 1760 510 1830 καὶ
531 1760 670 1842 ποιητὴν
689 1758 813 1850 Λόγον
830 1765 893 1830 τοῦ
912 1759 1008 1830 θεοῦ*
1034 1760 1384 1863 κατακερματίζοντοε

229 1872 330 1945 αὑτὸν
355 1876 398 1950 είς
426 1870 604 1960 συλλαβὰς
631 1869 690 1955 μὲν
719 1872 899 1970 τέσσαρας,
931 1882 1088 1968 στοιχεῖα
1120 1870 1156 1943 δὲ
1186 1872 1381 1973 τριάκοντα·

228 1986 282 2056 καὶ
305 1984 367 2057 τόν
389 1982 523 2056 πάντων
551 1984 676 2083 Κύριον
700 1982 763 2054 τὸν
790 1984 1018 2082 ε’στερεωκότα
1043 1983 1120 2060 τοίω
1150 1986 1313 2084 οὖρανοὺς,
1341 1991 1383 2064 εἰς

228 2129 253 2167 ω
284 2128 312 2166 τ
343 2129 361 2180 η
391 2095 600 2189 κατάγοντας
631 2094 780 2196 ἆριθμόν,
815 2097 933 2179 ὁμοίως
966 2104 1017 2187 τῷ
1050 2095 1248 2196 ἆλφαβῆτῳ
1280 2098 1381 2170 αὑτὸν

229 2211 400 2302 γεγονότα
421 2206 463 2316 [l.
483 2210 571 2309 ἆλφ.
590 2237 667 2301 γεγ.
687 2208 741 2279 καί
761 2207 863 2280 adrev
882 2240 918 2278 τ.
940 2240 975 2305 χ.
990 2202 1058 2313 τ.],
1076 2206 1189 2281 πάντα
1207 2217 1382 2310 χωροῦντα

229 2321 383 2423 Πατέρα,
407 2323 583 2421 ἆχόρητον
604 2320 639 2392 δὲ
661 2318 869 2421 ὑπάρχοντα,
893 2323 936 2398 εἷς
959 2317 1118 2421 τετράδα,
1142 2321 1197 2393 καί
1220 2320 1381 2416 ὄγδοάόα,

226 2580 276 2639 eet
311 2573 417 2660 Sigen,
444 2595 515 2659 quae
548 2571 806 2638 innominabilem
835 2570 980 2636 nominat
1007 2571 1192 2655 (AEonem),
1216 2573 1382 2642 inenarra-

226 2672 322 2737 bilem
343 2674 484 2758 exponit,
502 2681 536 2739 et
562 2694 634 2737 eum
661 2672 715 2758 qui
734 2671 975 2757 ¹inveetigabilis
1000 2678 1049 2736 eet
1071 2673 1229 2752 enuntiat,
1247 2682 1282 2739 et
1307 2698 1380 2761 ape·

225 2771 326 2837 ruieee
352 2795 387 2836 οε
417 2772 495 2838 dicit
518 2795 601 2850 eum,
628 2793 722 2858 quem
747 2770 979 2855 incorporalem
992 2778 1035 2836 et
1060 2770 1269 2858 infiguratum
1291 2774 1379 2850 dicis,

225 2879 260 2936 et
277 2871 416 2937 emisisse
428 2871 583 2951 Verbum,
596 2871 685 2957 quaai
702 2893 801 2934 unum
817 2892 857 2934 ex
874 2869 924 2934 hie
941 2892 1011 2955 quoe
1029 2870 1207 2956 composita
1221 2882 1298 2939 eunt
1314 2875 1381 2939 aui-

224 2972 338 3039 malia:
366 2971 511 3039 Verbum
532 2994 656 3059 quoque
673 2971 741 3056 ejus
757 2969 858 3034 simile
881 2991 949 3033 εεεε
973 2969 1002 3033 ei
1028 2970 1081 3055 qui
1106 2992 1180 3035 eum
1203 2973 1319 3049 emisit,
1346 2984 1381 3040 et

223 3072 359 3139 formam
389 3073 549 3139 invisibilia
575 3072 704 3150 lactum,
730 3069 958 3134 elementorum
986 3069 1114 3155 quidem
1140 3092 1208 3136 ecee
1233 3073 1379 3160 triginta,

223 3173 416 3257 syllabarum
430 3182 538 3239 autem
555 3171 714 3258 quatuor!
757 3168 831 3233 Erit
852 3190 929 3254 ergo
950 3170 1123 3234 secundum
1140 3168 1380 3239 similitudinem

224 3269 327 3336 Verbi
342 3273 443 3338 Pater
455 3272 605 3347 omnium,
619 3270 702 3336 sicut
712 3277 750 3335 tu
767 3268 822 3344 ais,
841 3267 1070 3333 elementorum
1087 3269 1216 3355 quidem
1232 3272 1379 3360 triginta,

222 3370 415 3454 syllabarum
435 3379 544 3436 autem
565 3378 713 3454 quatuor.
763 3368 835 3433 Aut
856 3367 973 3432 iterum
997 3369 1066 3454 quie
1090 3369 1262 3436 sustinebit
1287 3378 1321 3438 te
1346 3373 1378 3438 in

222 3467 386 3533 schemata
418 3477 453 3534 et
479 3490 637 3546 numeros,
670 3468 840 3553 aliquando
874 3467 1002 3552 quidem
1031 3468 1176 3554 triginta,
1206 3470 1378 3557 aliquando

222 3574 332 3632 autem
360 3567 473 3655 viginti
502 3576 650 3654 quatuor,
681 3567 852 3652 aliquando
881 3589 939 3631 sex
967 3573 1106 3645 tantum,
1135 3569 1378 3637 concludentem

222 3665 439 3732 universorum
458 3669 666 3742 conditorem,
690 3675 724 3732 et
746 3665 966 3751 Demiurgum,
993 3673 1027 3731 et
1047 3666 1204 3733 factorem
1231 3668 1376 3736 Verbum

224 3763 295 3839 Dei,
318 3774 352 3831 et
373 3767 569 3834 minuentem
594 3790 667 3834 eum
692 3767 725 3832 in
747 3766 884 3852 syllabae
909 3765 1036 3850 quidem
1054 3774 1202 3851 quatuor,
1220 3768 1378 3835 elementa

221 3874 330 3929 autem
351 3866 506 3953 triginta:
535 3877 569 3934 et
595 3868 735 3933 omnium
756 3864 930 3930 Dominum
956 3866 1010 3951 qui
1035 3864 1190 3931 'firmavit
1212 3869 1320 3946 coeloe,
1346 3871 1377 3935 in

221 3986 434 4030 noccnxxxvrn
456 3968 667 4034 deducentem
683 3986 842 4042 numeros,
858 3963 1004 4029 similiter
1026 3971 1125 4051 atque
1143 3966 1377 4052 Alphabetum:

220 4070 255 4129 et
271 4063 374 4150 ipsum
390 4066 445 4151 qui
461 4068 567 4132 omnia
583 4068 670 4154 capit
684 4068 822 4138 Patrem,
838 4085 859 4128 a
874 4063 961 4128 nullo
977 4072 1085 4131 autem
1099 4064 1234 4151 eapitur,
1252 4068 1284 4134 in
1303 4092 1378 4155 qua·

220 4164 435 4231 tornationem
454 4173 488 4232 et
508 4168 747 4234 octonationem
765 4161 815 4251 [et
832 4163 1001 4253 decadem]
1019 4172 1054 4230 et
1069 4165 1289 4233 duodecadem
1305 4170 1378 4234 aub-

267 4410 278 4444 ¹
295 4412 480 4477 lambatur,
500 4415 559 4464 that
577 4420 669 4464 cannot
685 4415 717 4464 be
734 4414 771 4464 in·
820 4421 878 4473 Ms.
897 4422 912 4470 Ι
928 4428 1021 4472 rectore
1035 4423 1146 4485 fimet
1161 4427 1201 4476 l'or
1216 4426 1374 4490 αοινίεαιασίι,

219 4493 716 4560 mlgated,aeinp.15,and11.xxv.
818 4520 846 4552 aa
874 4505 990 4569 agreeing
1011 4507 1093 4555 better
1116 4509 1178 4558 with
1200 4511 1372 4573 ἐστερεωκότα.

267 4568 279 4600 ²
295 4573 334 4623 On
352 4576 395 4625 the
412 4577 540 4642 authority
557 4577 586 4627 of
600 4578 643 4628 tbe
660 4578 768 4627 Aaunn.
818 4583 871 4634 Tae
881 4585 955 4636 Vos}
965 4586 1023 4638 MS.
1035 4588 1193 4655 aleam.
