2954 4986
448 358 648 413 rnornlnm
674 358 872 413 HABEMUS.
1170 344 1236 409 381

1278 530 1333 571 mn.
1341 532 1371 573 lt

1250 624 1296 662 GR.
1307 624 1336 664 ll.
1350 625 1403 664 lulli.

573 656 675 722 GAP.
700 655 774 729 LV,
1268 670 1385 711 iussu.

1274 718 1347 757 xxxiv.
1357 718 1376 758 1.

146 809 334 902 Quomodo
363 823 601 910 perseverant
630 809 774 904 animo,
811 810 978 913 eorporis
1009 809 1177 887 habentes

564 929 745 1028 fipurom.

38 1142 59 1186 a
84 1116 299 1180 Pnnnrssrrm
328 1122 433 1209 putem
465 1113 621 1180 Dominus
651 1114 768 1193 docuit,
808 1135 872 1178 non
902 1112 1003 1178 solum
1031 1134 1238 1199 perseverare,

82 1240 147 1285 non
161 1219 201 1285 de
215 1240 343 1306 corpore
358 1218 390 1282 in
405 1239 517 1305 eorpus
531 1217 796 1305 transgredientes
809 1217 942 1291 animas,
959 1217 1014 1283 sed
1033 1226 1066 1283 et
1080 1217 1239 1283 characte-

81 1344 150 1387 rem
173 1321 321 1407 eorporis,
342 1320 375 1386 in
401 1342 463 1409 quo
486 1321 580 1385 etiam
609 1321 808 1406 adaptantur,
838 1320 994 1386 custodire
1023 1321 1174 1386 eundem:
1205 1329 1239 1386 et

82 1425 262 1491 meminisse
277 1446 331 1490 eas
345 1446 473 1510 operum
489 1446 559 1510 quae
573 1432 704 1510 egerunt
723 1423 785 1500 hie,
801 1431 834 1488 et
854 1445 875 1488 a
896 1424 1007 1511 quibus
1028 1431 1237 1503 cessaverunt,

81 1529 116 1594 in
138 1551 177 1595 ea
197 1529 346 1595 relatione
373 1550 443 1614 quae
470 1527 616 1594 scribitur
634 1528 693 1593 ¹de
715 1527 823 1592 Divite
844 1536 877 1593 et
898 1528 937 1592 de
960 1528 1078 1593 Lumro
1105 1549 1153 1606 eo,
1183 1529 1298 1644 lust„
1250 1544 1388 1588 ιωινιιι

82 1632 337 1721 ²refrigerobet'
327 1654 359 1696 m
386 1632 457 1696 sinu
486 1631 638 1696 Abrahae:
666 1631 699 1695 in
725 1653 787 1718 qua
811 1631 867 1708 ait,
891 1631 1029 1697 Divitem
1050 1602 1298 1719 eognme

84 1736 236 1801 Lamrum
252 1743 323 1823 post
338 1742 480 1813 mortem,
496 1742 529 1799 et
544 1735 707 1800 Abraham
721 1742 827 1799 autem
842 1734 993 1813 similiter,
1009 1740 1042 1798 et
1060 1755 1185 1800 manere
1204 1734 1238 1800 in

82 1862 142 1906 suo
157 1840 265 1905 ordine
278 1860 530 1925 unumquemque
544 1838 691 1924 ipsorum,
707 1846 740 1903 et
759 1838 916 1925 postulare
934 1837 1016 1903 mitti
1036 1837 1065 1902 ei
1084 1838 1125 1903 ad
1147 1860 1238 1924 opem

82 1944 243 2010 ferendam
260 1943 422 2018 Lazarum,
437 1942 487 2007 eui
502 1941 680 2027 nequidem
696 1942 735 2007 de
749 1964 865 2007 mensae
879 1964 945 2007 suae
960 1942 1049 2008 miois
1070 1943 1240 2008 communi·

82 2046 194 2113 nebat:
212 2046 298 2111 etde
313 2045 451 2111 Abrahae
469 2066 628 2131 responso,
644 2045 696 2132 qui
711 2067 774 2110 non
794 2054 917 2111 tantum
931 2067 970 2111 ea
984 2069 1054 2133 quoe
1069 2047 1239 2112 seeundum

83 2172 129 2229 se,
144 2149 200 2215 sed
215 2157 247 2215 et
262 2172 331 2236 quse
346 2148 517 2215 seeundum
533 2149 671 2214 Divitem
688 2157 803 2229 essent,
820 2150 961 2223 sciebat3
985 2159 1018 2214 et
1039 2150 1240 2236 praecipiebat

86 2252 192 2340 Moysi
214 2252 365 2318 assentire
385 2260 418 2318 et
442 2251 610 2337 Prophetis
631 2273 696 2331 eos,
720 2253 772 2340 qui
795 2274 858 2317 non
880 2252 1008 2317 mallent
1027 2254 1186 2338 pervenire
1206 2254 1239 2318 in

84 2356 172 2422 illum
185 2357 288 2422 loeum
300 2378 412 2443 poenae,
421 2360 470 2421 ⁸et
480 2355 663 2441 recipientes
678 2356 867 2442 praeoonium
882 2356 1011 2443 ejusqui
1020 2357 1240 2422 *resurrexerit

84 2483 106 2526 a
131 2461 273 2526 mortuis.
318 2459 382 2525 Per
410 2458 478 2523 haee
506 2457 589 2523 enim
619 2459 870 2525 manifestissime
899 2459 1090 2525 declaratum
1118 2469 1177 2539 est,
1207 2470 1240 2527 et

85 2585 282 2651 perseverare
309 2563 439 2639 animas,
469 2569 503 2626 et
531 2583 594 2626 nou
623 2562 663 2626 de
688 2583 816 2649 corpore
843 2563 876 2626 in
902 2584 1015 2648 eorpus
1039 2564 1180 2643 transire,
1207 2575 1240 2631 et

85 2669 202 2734 habere
222 2665 358 2731 hominis
383 2665 528 2751 figuram
551 2672 586 2729 ut
609 2665 705 2729 etiam
727 2674 965 2753 cognoscantur,
989 2674 1022 2731 et
1044 2667 1241 2734 meminerint

85 2793 192 2837 eorum
215 2793 285 2857 qum
308 2770 371 2834 sint
389 2767 462 2843 hio;
487 2774 520 2832 et
534 2767 765 2855 ⁵prophetioum
784 2790 906 2856 quoque
918 2769 1028 2834 adesse
1043 2770 1192 2851 Abrahae,
1208 2781 1242 2838 et

86 2876 213 2962 dignam
228 2872 452 2940 habitationem
467 2892 717 2959 unamquamque
731 2880 858 2959 gentem
873 2870 1040 2961 percipere,
1055 2873 1149 2939 etiam
1167 2883 1241 2941 ante

81 2980 241 3067 judicium.

85 3172 195 3222 reddidit
201 3172 356 3222 Helloim'ua:
369 3168 550 3222 “Utlrominum
557 3168 638 3218 multi·
685 3167 764 3227 batur,
777 3166 836 3231 quia
847 3166 939 3216 auios·
948 3165 1094 3230 resriperarr
1104 3167 1132 3216 io
1139 3167 1241 3231 purtim

85 3254 144 3303 tudo
155 3254 246 3303 diriore
260 3251 443 3315 correspondens
449 3250 639 3314 proedofioitioni
684 3250 858 3313 dpnificmioue
864 3250 1124 3313 usurparitlnterpm.
1135 3251 1240 3302 Garun.

79 3335 136 3398 jum
157 3341 327 3394 consummato,
347 3331 431 3382 Putris
450 3340 564 3382 conserta
582 3330 637 3380 Itur
735 3330 793 3380 ³132
804 3330 949 3395 recipientes.
978 3330 1240 3381 Hic-urrumulurum·

86 3417 224 3473 moniam;'’
240 3431 314 3480 qrmor
326 3413 396 3464 Vrtur
410 3414 527 3477 interpres
542 3413 639 3476 duplioi
686 3410 1036 3476 qrcrrrrbnmdmaeoidaur.
1056 3410 1158 3463 Genea.
1192 3414 1242 3463 Ae·

85 3516 139 3549 rore
165 3499 323 3562 rompopiuir,
355 3506 376 3547 ot
402 3497 535 3561 optationis
561 3496 636 3545 omit.
687 3494 1143 3559 oordinglyMnssusnandSmnnn
1151 3496 1242 3561 supply

86 3582 190 3631 Gneus.
223 3581 276 3631 But
292 3597 351 3645 msy
361 3585 406 3629 not
418 3581 462 3629 the
472 3580 563 3629 author
574 3580 638 3627 have
687 3592 742 3627 erro.
778 3577 818 3641 By
833 3578 999 3642 substituting
1014 3578 1040 3626 in
1057 3580 1100 3627 the
1114 3579 1198 3629 Greek
1215 3582 1242 3630 dl

85 3665 194 3725 written,
218 3666 262 3724 τῆς
286 3663 637 3727 προορωμένωι....ἀποτελε-
687 3660 726 3708 ior
736 3678 772 3720 τε,
787 3661 830 3708 the
843 3676 914 3709 sense
931 3660 1013 3709 would
1024 3661 1241 3712 flowasfollovrs:

86 3747 202 3806 rdelonrl
687 3743 726 3789 καὶ
738 3741 887 3790 ἐνετείλατο.
895 3777 900 3790 .
908 3777 914 3790 .
922 3742 985 3791 ,τοῖς
995 3742 1029 3801 μὴ
1038 3744 1148 3793 θέλουσιν
1156 3762 1242 3794 καταν-

134 3828 201 3877 ¹Dr
227 3827 309 3877 Divite
336 3833 357 3876 ot
379 3824 480 3875 Lazaro.
521 3823 640 3873 Similiter
686 3822 760 3881 τῆσαι
778 3823 810 3870 clr
828 3822 896 3870 τόνδε
909 3823 952 3871 τὸν
968 3823 1012 3883 τῆι
1029 3825 1141 3887 τιμωρίας
1157 3825 1240 3887 τόπον,

86 3910 192 3961 aorem
202 3910 244 3959 Al.
258 3909 320 3958 Did.
335 3908 377 3959 Or.
387 3924 415 3971 p.
431 3919 485 3972 792.
515 3906 638 3966 'Amrpor
686 3905 820 3965 δεχομένας
828 3905 1150 3966 δὲτὸιήρυγματοῦάναστ.
1164 3911 1239 3958 nult

85 3996 111 4044 il
127 3995 176 4042 ἀπὸ
187 3995 231 4042 τοῦ
241 3993 352 4054 Λάζαρον
363 3993 403 4039 καὶ
417 3992 461 4039 τοῦ
472 3989 588 4038 πλουσίου
599 3990 639 4037 διὰ
735 3984 862 4034 ‘Onnum
886 3986 937 4035 and
954 3986 1046 4049 Voss,
1076 3989 1124 4038 but
1146 3989 1242 4039 GRABB

84 4077 132 4124 τῶν
149 4075 293 4133 σωματικῶν
307 4073 386 4132 μελῶν
400 4070 638 4129 aspernatorem
686 4067 747 4116 with
764 4069 815 4117 As.
833 4076 970 4130 rerurperot.

85 4178 126 4208 rou
148 4160 164 4219 ἡ
188 4159 264 4221 ψυχή.
293 4155 382 4205 Eodem
404 4160 543 4218 orpumerrto
560 4151 639 4201 utitur
735 4147 941 4212 ³Propllotirum.
971 4150 1057 4201 Follor
1075 4168 1110 4200 ou
1129 4150 1240 4214 spiritur,

85 4256 175 4305 quoque
185 4236 445 4289 Tmulrmnmdeun.
458 4252 478 4285 r.
489 4247 510 4298 7.
540 4234 590 4283 Gn.
685 4232 722 4281 ool
740 4231 838 4293 mrum,
859 4233 896 4281 nrt
912 4231 991 4282 similo
1007 4233 1104 4283 veroum
1122 4233 1163 4283 laio
1181 4234 1241 4283 ω’-

134 4320 337 4384 'Refriqerotoa
357 4315 636 4375 IraerAuunn.,Voss.
685 4316 758 4366 derr'e
777 4316 880 4366 Garun.
910 4318 963 4368 But
983 4318 1023 4365 rat
1042 4317 1071 4366 τὸ
1090 4317 1242 4381 προφητικόν

84 4411 106 4453 α
122 4402 212 4452 Meso.
232 4413 251 4451 1.
271 4400 358 4450 arodi
375 4397 427 4462 sori
442 4413 490 4461 pro
508 4395 638 4460 refripcra·
686 4416 714 4447 τε
726 4399 808 4448 would
819 4400 916 4465 require
926 4416 960 4449 no
970 4399 1091 4453 addition.
