2954 4986
417 344 465 395 nr
491 341 743 396 remorsurus
769 341 907 395 suumn.
1168 327 1236 397 317

81 597 152 673 rati,
165 605 198 662 et
212 543 359 661 informes
373 596 405 659 hi
420 606 494 661 sunt
504 597 617 683 angeli,
627 596 680 712 qui
691 543 765 661 sirnt
775 600 867 683 ¹erga
879 543 1234 681 Salvatoreniipsorum.
1223 531 1339 692 ,0818181818-
1340 543 1402 693 qip-

81 697 234 783 siquidem
247 698 417 762 secundum
428 697 549 762 illorum
559 697 696 782 speciem
705 708 891 780 conceptum
900 697 963 762 tale
972 698 1046 782 quid
1054 707 1236 785 generatum
1251 701 1402 783 jin—''-

81 810 140 865 est.
186 800 266 864 Post
288 799 409 876 deinde,
425 799 507 883 quod
525 799 655 864 dicant
645 821 805 885 ignorasse
822 799 1056 864 Fabricatorem
1075 822 1145 864 eam
1166 824 1236 886 quae

81 902 141 966 fuit
154 901 283 966 seminis
296 901 329 964 in
343 923 415 966 eum
430 901 585 978 demissio,
598 902 754 966 etiterum
767 923 836 967 eam
851 925 921 987 quae
935 903 1019 967 facta
1033 912 1082 967 est
1097 925 1151 988 per
1165 925 1237 968 eum

82 1004 116 1068 in
130 1004 289 1068 hominem
302 1003 477 1080 seminatio,
492 1003 579 1067 futile
594 1005 721 1069 verbum
738 1012 770 1069 et
784 1026 909 1080 vanum,
924 1005 1024 1089 ²quod
1042 1004 1126 1069 nullo
1144 1006 1237 1070 modo

83 1104 206 1170 ostendi
224 1104 332 1189 possit.
378 1104 644 1186 Quemadmodum
666 1104 749 1169 enim
770 1105 923 1191 ignoravit
942 1105 1026 1183 illud,
1044 1105 1071 1169 si
1093 1108 1233 1171 substan·

82 1207 161 1271 tiam
175 1206 310 1290 aliquam
325 1215 358 1270 et
372 1206 553 1291 qualitatem
568 1207 722 1292 propriam
737 1207 898 1272 habuisset
912 1208 1012 1293 ipsum
1030 1209 1158 1272 semeni
1202 1207 1237 1272 Si

83 1317 189 1372 autem
203 1308 270 1373 siue
283 1308 468 1386 substantia,
484 1317 516 1372 et
530 1307 597 1373 sine
611 1309 770 1393 qualitate,
786 1318 819 1374 et
832 1309 909 1372 nihil
924 1317 1001 1386 erat,
1013 1317 1239 1393 consequenter

83 1410 236 1497 ignoravit
250 1410 333 1474 illud.
357 1411 435 1492 Quae
450 1411 533 1475 enim
548 1412 704 1496 propriam
719 1411 874 1495 quandam
888 1413 1080 1489 ³motionem,
1092 1419 1125 1476 et
1140 1410 1238 1496 quali·

83 1520 192 1590 tatem,
220 1512 267 1576 vel
292 1512 468 1590 caliditatis,
492 1513 539 1577 vel
562 1511 743 1588 velocitatis,
767 1513 815 1576 vel
843 1512 1015 1577 dulcedinis
1037 1513 1163 1591 habent,
1190 1513 1239 1579 vel

83 1614 233 1681 claritatis
252 1615 412 1700 cujusdam
427 1614 641 1692 differentiam,
657 1636 714 1679 nec
728 1614 869 1679 homines
884 1615 1007 1699 quidem
1021 1615 1150 1692 lateant,
1165 1638 1238 1679 oum

83 1717 147 1782 sint
158 1739 230 1782 eum
240 1717 431 1793 hominibus,
444 1718 494 1781 ⁴in
504 1725 627 1781 tantum
641 1718 731 1782 abest
744 1725 779 1783 ut
790 1717 1005 1782 fabricatorem
1016 1717 1110 1803 hujus
1118 1717 1238 1782 univer·

83 1819 187 1885 sitatis
202 1819 324 1884 Deum:
348 1819 432 1903 apud
453 1841 545 1904 quem
563 1821 649 1905 juste
662 1841 725 1884 non
748 1827 796 1884 est
811 1819 951 1906 agnitum
967 1840 1073 1884 semen
1089 1819 1236 1904 ipsorum,

84 1942 155 1985 cum
169 1920 212 1986 sit
225 1920 292 1985 sine
306 1920 454 2005 qualitate
468 1920 619 1985 universae
633 1920 787 1998 utilitatis,
806 1929 839 1986 et
860 1921 927 1987 sine
946 1921 1121 1986 substantia
1135 1921 1238 1986 omnis

83 2023 225 2100 actionis,
241 2032 273 2088 et
290 2023 322 2086 in
337 2032 437 2087 totum
452 2023 528 2086 nihil
543 2024 704 2089 exsistam.
752 2023 797 2087 Et
811 2031 937 2108 propter
950 2023 1011 2088 hoc
1024 2023 1102 2087 mihi
1115 2023 1238 2088 videtur

84 2124 180 2189 etiam
196 2124 350 2190 Dominus
367 2125 503 2189 dixisse:
531 2126 637 2190 Omnis
657 2146 752 2190 somno
769 2127 887 2203 otiosas,
902 2148 987 2213 quem
1009 2125 1102 2190 boati
1110 2126 1237 2209 saeviat
1251 2148 1396 2190 ιιιιειιιιε

84 2227 224 2304 homiues,
241 2227 367 2292 reddat
373 2251 436 2313 pro
450 2250 483 2292 co
500 2230 649 2293 rationem
665 2229 700 2292 ia
714 2228 765 2293 dio
773 2228 903 2313 judieii.
940 2230 1058 2294 Omnes
1071 2227 1154 2293 enim
1169 2227 1237 2312 qui-

84 2349 206 2412 cunque
220 2328 298 2392 tales
312 2338 385 2392 sunt
397 2328 513 2392 otiosos
526 2351 684 2394 sermones
698 2329 730 2392 in
744 2351 835 2394 aures
846 2329 1007 2394 hominum
1022 2329 1235 2407 immittentes,

83 2430 232 2494 assistent
252 2429 285 2493 in
302 2431 430 2515 judicio,
445 2431 597 2496 rationem
617 2429 766 2496 reddituri
787 2431 826 2495 de
842 2431 901 2507 his,
921 2452 991 2516 quae
1005 2451 1083 2494 vane
1097 2432 1237 2516 conjece·

84 2541 168 2612 runt,
190 2541 223 2598 et
244 2533 366 2598 mentiti
386 2541 460 2598 sunt
481 2535 628 2598 adversus
653 2533 768 2612 Deum,
789 2534 822 2597 in
843 2541 968 2599 tantum
992 2541 1028 2598 ut
1052 2534 1237 2618 semetipsos

85 2634 191 2700 dicant
211 2642 337 2721 propter
357 2637 484 2701 seminis
504 2637 712 2702 substantiam
732 2659 901 2724 agnoscere
922 2635 1059 2723 spiritale
1081 2636 1237 2714 Pleroma,

85 2760 123 2803 eo
145 2737 279 2816 homine,
295 2739 347 2823 qui
366 2748 415 2804 est
429 2738 523 2816 intus,
538 2740 770 2806 demonstrante
788 2739 833 2805 eis
846 2762 953 2806 verum
968 2740 1118 2804 Patrem:
1141 2743 1239 2824 ⁶opus

86 2840 169 2905 enim
198 2863 266 2906 esse
294 2842 419 2907 animali
448 2842 644 2909 sensibilibus
665 2843 882 2909 erudimentis:
907 2842 1112 2929 Demiurgum
1133 2849 1239 2906 autem

85 2943 261 3008 universum
283 2966 389 3009 semen
410 2944 480 3023 hoo,
506 2945 612 3010 Matre
633 2946 816 3031 deponente,
839 2945 1057 3030 suseipientem
1074 2944 1107 3007 in
1125 2951 1240 3008 semet·

88 3045 200 3129 ipsum,
224 3039 328 3109 omnia
350 3045 475 3110 omnino
501 3045 670 3132 ignorasse,
692 3054 726 3112 et
753 3046 872 3110 nullum
893 3067 1019 3112 sensum
1040 3065 1148 3110 eorum
1170 3064 1240 3128 quae

89 3148 181 3233 ¹erga
196 3146 341 3212 Pleroma
354 3156 439 3226 sunt,
454 3147 608 3213 habuisse.

529 3387 631 3454 OAP.
653 3389 798 3455 XXIX.

130 3536 315 3628 Quoniam
341 3536 376 3612 si
401 3537 441 3612 io
477 3563 559 3612 eum
586 3537 793 3638 depositum
812 3537 948 3637 subeat
974 3564 1103 3632 semea,
1134 3564 1208 3614 ooo

235 3652 410 3753 potuisset
427 3653 599 3753 ipoorore
613 3680 658 3729 ea
674 3681 753 3754 qam
767 3669 848 3729 mm
865 3681 977 3754 cuper
993 3681 1084 3730 eum.

156 3819 207 3882 Er
222 3841 257 3885 se
275 3821 399 3906 quidem
414 3821 568 3907 spiritales
582 3843 661 3901 esse,
677 3823 824 3907 quoniam
837 3822 989 3907 particula
1009 3823 1153 3908 quaedam
1175 3822 1244 3887 nni-

89 3922 246 3988 versitatis
270 3923 376 3988 Patris
397 3924 430 3988 in
450 3925 554 3989 anima
575 3925 713 4009 ipsorum
735 3923 877 4010 deposita
896 3932 955 4004 est,
977 3946 1050 3989 cum
1073 3947 1113 3990 ex
1134 3925 1245 3990 eadem

139 4111 231 4175 ¹er2qo,
246 4114 307 4175 περί.
691 4113 854 4164 monitiones.
895 4114 943 4162 We
964 4114 1047 4178 might
1068 4114 1138 4178 quito
1155 4117 1245 4177 expect

139 4192 151 4224 ¹
169 4195 248 4244 Gracc
260 4196 438 4245 ἀναπόδεικτον.
472 4196 541 4245 Num
553 4197 643 4246 θεασο-
690 4197 742 4247 also
757 4198 800 4246 the
818 4196 997 4261 philosophical
1008 4201 1072 4245 tenu
1084 4196 1183 4254 κίνησιν.

89 4290 146 4323 rum
168 4291 233 4325 more
254 4277 373 4327 mordere
393 4293 454 4340 ιαμ
472 4293 521 4341 pro
539 4278 645 4341 probaro
739 4278 750 4309 ⁴
768 4280 835 4341 παρὰ
851 4280 967 4328 τοσοῦτον
984 4277 1063 4326 λείπει
1082 4278 1121 4325 ὅτι
1139 4277 1182 4325 τὸν
1198 4278 1245 4336 Aq-

90 4361 151 4410 dicit
162 4362 292 4425 Interpm.
311 4361 385 4411 Bluu.
689 4362 803 4422 μιουργὸν
810 4396 816 4409 .
824 4396 844 4410 ..
855 4359 892 4423 (od
902 4358 1015 4422 λάθοιεν).

140 4442 151 4475 ³
180 4444 275 4493 Gaas!
297 4444 342 4492 has
364 4442 490 4493 sotiorum.
525 4441 579 4490 But
600 4442 644 4492 the
738 4441 853 4502 'Groeoq
879 4458 946 4506 supr.
969 4458 994 4506 p.
1006 4454 1044 4503 52,
1070 4441 1117 4488 ἔδει
1138 4441 1187 4502 γὰρ
1212 4438 1251 4500 τῷ

91 4525 169 4576 MSS.
183 4527 247 4574 havs
258 4526 338 4575 either
347 4526 391 4574 the
405 4525 485 4575 above
501 4523 605 4588 reading
615 4540 645 4574 or
693 4525 788 4586 ψυχικῷ
805 4524 845 4573 καὶ
861 4525 982 4583 αἰσθητῶν
998 4520 1171 4581 παιδευμάτων.
