2954 4986
558 347 772 401 vnnmsnrs.
1192 335 1240 407 91

88 500 222 583 κοίτην
245 503 280 572 εἰκ
299 502 536 602 Παρθένου
495 532 651 595 Ὑεννησῑνι
673 505 727 576 ‘sal
751 538 795 577 ΤΟ
781 502 932 590 πῶσῆ
959 537 1012 577 καί
1033 508 1093 590 τὴν
1112 509 1245 608 ἔγερσιν
1275 523 1386 611 Ῐῧιέῦίῖ

89 615 122 682 ἐκ
154 619 280 712 νεκρῶν,
304 616 358 686 καί
390 617 450 697 τὴν
472 617 630 716 ἕνσαρκον
654 619 696 693 είς
717 616 794 694 τοὺς
817 618 967 716 οῦρανοῦς
988 617 1160 716 ἆναληψιν
1183 615 1409 703 τοῦΜ-ᾸἪ·
1430 641 1438 699 j

89 729 302 816 ἠγαπημένον
318 726 479 825 Χριστοῦ
494 728 607 810 Ἰησοῦ
627 760 688 800 τον
674 728 875 827 Κυρίου
859 735 953 813 ημῶν,
972 730 1026 800 καί
1046 763 1107 814 την
1125 734 1159 802 ἐκ
1178 738 1244 804 τῶν

89 838 232 934 οῦρανῶν
259 840 293 909 ε’ν
320 842 363 932 τῇ
389 838 468 934 δόξῃ
499 846 562 912 τοῦ
594 839 737 939 Πατρός
766 842 951 939 παρουσίαν
983 843 1085 914 αῦτοῦ
1114 843 1170 913 ε’πί
1199 842 1244 916 τίν

89 949 453 1048 ἇνακεφαλαιῶσασθαι
482 949 527 1024 τὰ
557 949 677 1035 πάντα,
701 951 754 1021 καί
778 952 967 1034 ἀναστῆσαι
993 957 1107 1024 πᾶσαν
1134 952 1243 1055 σάρκα
1256 984 1330 1025 uu.

90 1059 199 1144 πάσης
218 1063 484 1161 ἆνθρωπότητος,
503 1065 555 1133 ’ίνα
572 1064 721 1160 Χριστῷ
736 1063 851 1146 Ἰησοῦ
867 1067 917 1152 τῷ
935 1065 1049 1163 Κυρίῳ
1074 1070 1169 1152 ἡμῶν,
1189 1069 1243 1137 καί

90 1173 174 1262 θεῷ,
192 1175 247 1243 καί
265 1175 408 1272 Σωτῆρι,
426 1174 480 1245 καί
499 1175 654 1258 Βασιλεῖ,
674 1173 760 1245 κατὰ
778 1176 837 1258 την
855 1174 999 1247 εὐδοκίαν
1018 1183 1082 1248 τοῦ
1101 1177 1244 1278 Πατρίις

90 1290 153 1355 τοῦ
174 1281 331 1383 ἆορᾶτου,
354 1289 421 1355 πᾶν
450 1287 531 1378 γόνυ
555 1282 678 1381 κάμψῃ
707 1287 902 1386 ἐπουρανίων
928 1290 981 1358 καί
1007 1291 1160 1380 ἐπιγείων
1188 1291 1242 1361 καί

89 1398 329 1492 καταχθονίων,
358 1398 412 1468 καί
442 1400 537 1467 πᾶσα
565 1400 711 1489 γλῶσσα
741 1396 1034 1492 ἐξομολογήσηται
1065 1402 1161 1491 asi-roi,
1188 1402 1242 1473 καί

88 1509 199 1607 κρίσιν
218 1507 342 1579 δικαίαν
364 1511 397 1580 ἐν
415 1521 486 1586 τοῖς
503 1512 588 1579 πᾶσι
609 1515 799 1592 ποιήσηται·
825 1508 946 1594 τὰμὲν
965 1512 1166 1595 πνευματικὰ
1184 1521 1242 1596 τῆς

89 1621 257 1718 πονηρίας,
278 1620 331 1690 καί
358 1621 526 1714 ίιγγίλους
553 1616 669 1727 [τοῦς]
699 1623 991 1720 παραβεβηκότας,
1021 1624 1075 1694 καί
1100 1626 1133 1694 ἕν
1158 1625 1243 1696 doro·

89 1733 220 1823 στασίᾳ
240 1734 508 1824 γεγονότοςκαὶ
528 1732 605 1810 τοῦς
630 1734 772 1820 ἀσεβεῖς,
791 1735 844 1804 καί
865 1732 999 1818 ἇῦίκους,
1017 1736 1070 1805 καί
1094 1735 1241 1821 ίινόμονς,

88 1843 142 1913 καί
172 1845 400 1944 βλασφήμους
428 1851 496 1917 τῶν
524 1845 702 1944 ἀνθρώπων
728 1848 771 1921 είς
796 1844 840 1918 τῦ
869 1848 996 1917 αίιίνιον
1020 1853 1085 1946 πῦρ
1107 1848 1240 1942 πέμψῃ·

87 1965 161 2032 τοῖς
181 1953 216 2025 δὲ
237 1954 378 2040 δικαίοις,
397 1957 451 2028 καί
470 1956 584 2040 ὁσίοις,
601 1956 655 2026 καί
676 1954 738 2033 τίις
755 1955 895 2034 ἐντολὰς
912 1959 1015 2030 αὐτοῦ
1032 1960 1241 2057 τετηρηκόσι,
1254 1986 1391 2031 eriveus.

87 2067 142 2137 καί
160 2068 195 2137 ἕν
212 2076 259 2161 τῇ
282 2065 399 2163 ιἰγᾶπη
430 2070 531 2141 αῦτοῦ
557 2067 803 2152 διαμεμενηκόσι
831 2079 903 2145 τοῖς
928 2064 1026 2175 [μὲν]
1052 2070 1112 2140 ἀπ’
1128 2070 1240 2169 ἆρχῆς,

34 2208 61 2247 ω
87 2189 161 2256 τοῖς
191 2177 226 2249 δὲ
255 2182 289 2250 ἐκ
319 2183 502 2264 μετανοίας,
534 2180 616 2282 ζωὴν
642 2176 884 2278 Ῑχαρισάμενος
915 2180 1113 2281 ἆφθαρσίαν
1144 2181 1244 2282 δωρή-

87 2322 200 2374 σηται,
221 2292 274 2363 καί
295 2290 396 2387 δόξαν
413 2292 541 2364 αἰωνίαν
556 2296 766 2391 περιποιήση.

87 2490 309 2576 dispositiones
338 2490 410 2574 Dei,
436 2499 470 2558 et
497 2492 679 2568 adventum,
705 2498 740 2556 et
765 2513 845 2567 eam,
870 2512 942 2578 quae
965 2498 1079 2557 estex
1106 2489 1241 2578 Virgine

86 2589 336 2676 generationem,
354 2597 388 2656 et
404 2591 591 2677 passionem,
610 2598 644 2655 et
670 2591 934 2656 resurrectionem
951 2612 971 2655 a
988 2591 1130 2666 mortuis,
1147 2599 1182 2656 et
1206 2590 1239 2655 in

87 2709 186 2752 carne
210 2687 243 2751 in
268 2690 364 2754 coelos
385 2690 599 2755 ascensionem
615 2688 722 2754 dilecti
739 2689 763 2753 J
765 2713 819 2755 esu
838 2689 958 2755 Christi
977 2689 1106 2755 Domini
1127 2690 1238 2766 nostri,

87 2793 123 2852 et
146 2788 188 2851 de
212 2788 299 2852 coelis
321 2789 353 2852 in
376 2789 479 2876 gloria
502 2789 611 2854 Patris
632 2788 805 2854 adventum
830 2790 907 2876 ejus,
934 2790 976 2854 ad
999 2789 1238 2874 recapitulando
1251 2803 1386 2852 Roseus.

86 2886 242 2962 universa,
261 2897 295 2952 et
319 2887 568 2953 resuscitandam
591 2908 717 2951 omnem
742 2909 869 2953 carnem
892 2888 1021 2953 humani
1045 2889 1179 2974 generis,
1200 2897 1239 2954 ut

88 2984 218 3051 Christo
244 2985 325 3051 Jesu
351 2985 490 3051 Domino
512 2994 632 3059 nostro,
659 2993 693 3050 et
719 2983 800 3062 Deo,
826 2993 860 3051 et
889 2985 1055 3060 Salvatori,
1083 2994 1115 3050 ct
1144 2985 1237 3071 Regi,

86 3084 260 3149 secundum
276 3085 427 3170 placitum
447 3086 554 3150 Patris
573 3084 736 3149 invisibilis
757 3107 841 3149 οιυιισ
852 3106 933 3170 qous
950 3093 1052 3148 curvet
1068 3085 1235 3156 scelestium,
1251 3098 1304 3138 Ρνιι
1312 3100 1334 3140 u
1341 3102 1371 3148 1⁰

85 3192 117 3248 et
139 3185 338 3258 terrestrium,
357 3194 385 3250 et
409 3185 609 3271 insessorem
637 3195 666 3248 et
690 3184 787 3247 ονιιιίι
813 3184 920 3278 linquo
943 3185 1118 3267 confiteatur
1146 3182 1184 3258 ei,
1203 3145 1289 3247 etl&

82 3281 264 3367 judicium
250 3293 373 3369 justum
389 3283 421 3347 in
437 3284 580 3348 omnibus
596 3283 708 3348 faciat:
727 3274 886 3367 spiritalia
900 3281 1026 3367 quidem
1037 3281 1188 3367 nequitie,
1203 3289 1238 3347 et
1249 3295 1322 3346 mss
1332 3296 1360 3336 vs
1370 3297 1400 3336 ¹2

85 3383 216 3467 angelos
245 3384 485 3469 ’transgressos
518 3389 614 3466 atque
648 3389 813 3466 apostatas
840 3381 949 3457 iactos,
984 3388 1018 3444 et
1051 3379 1173 3465 impios,
1203 3390 1238 3447 et

85 3480 230 3566 injustos,
248 3489 283 3547 et
300 3481 432 3567 iniquos,
450 3491 484 3546 et
508 3481 707 3566 blasphemos
729 3480 870 3545 homines
894 3478 927 3543 in
953 3485 1107 3543 oeternum
1132 3479 1238 3566 ignem

85 3579 219 3645 mittat:
240 3581 336 3667 justis
357 3591 466 3647 autem
484 3587 518 3645 et
534 3580 641 3664 aequis,
660 3587 694 3644 et
716 3586 879 3665 praecepta
896 3577 963 3664 ejus
978 3578 1186 3656 servantibus,
1204 3586 1238 3645 et

85 3677 118 3742 in
134 3679 303 3745 dilectione
320 3681 388 3766 ejus
408 3678 689 3764 perseverantibus,
709 3679 897 3764 quibusdam
921 3676 1047 3763 quidem
1069 3678 1111 3742 ab
1135 3677 1237 3754 initio,

85 3778 274 3863 quibusdam
303 3787 411 3844 autem
436 3801 477 3843 ex
503 3777 702 3863 poenitentia,
720 3778 819 3842 vitam
843 3778 965 3842 donans
990 3775 1239 3861 incorruptelam

84 3876 155 3942 loco
172 3877 311 3943 muneris
327 3879 480 3954 conferat,
499 3884 532 3942 et
547 3876 725 3942 cleritatem
743 3883 896 3942 eternam
913 3875 1099 3942 circumdet.

132 4043 144 4076 ²
160 4042 329 4104 χαρισάμενος,
349 4040 443 4103 σονςῘΜ
461 4055 489 4088 as
506 4056 540 4088 css
556 4047 594 4087 act
610 4038 640 4101 os
687 4053 741 4086 mos:
751 4037 922 4087 immediate
934 4036 1002 4085 νίανιι
1017 4034 1113 4084 videdit
1128 4034 1237 4097 inormi,

81 4141 159 4188 ρναοα
196 4123 325 4172 Salvation
336 4122 398 4170 with
414 4121 456 4170 the
472 4121 635 4170 Valentinian
684 4127 797 4181 perparco
814 4119 842 4167 ία
859 4135 888 4168 ιο
904 4119 1062 4167 ambulatum
1071 4135 1082 4172 ,·
1103 4116 1150 4164 alii
1166 4116 1240 4178 priua

83 4206 210 4271 depended
228 4220 296 4268 upon
312 4203 423 4252 whether
439 4218 467 4250 or
488 4218 521 4250 no
542 4218 559 4250 a
577 4217 636 4249 mon
682 4199 808 4262 ηιενίκινίο
818 4195 1190 4257 neminemneminer
1203 4194 1239 4242 od

83 4303 147 4336 were
157 4287 186 4335 of
194 4287 237 4335 the
248 4284 363 4350 spiritual
376 4283 441 4343 seed,
453 4283 636 4347 irrespectively
686 4281 806 4329 meliorem
818 4280 919 4343 fnsqera
933 4278 1046 4338 οοοοεκιί,
1065 4277 1094 4325 ιἰι
1110 4283 1172 4324 recto
1188 4281 1238 4322 tm·

83 4369 111 4417 of
124 4369 162 4417 his
177 4369 287 4417 actions:
305 4367 327 4414 it
342 4381 393 4413 wne
409 4365 452 4414 the
468 4363 540 4413 effect
556 4365 634 4413 there
686 4361 742 4409 mie
755 4362 925 4422 pernitentiis:
941 4359 1028 4422 quadus
1042 4355 1150 4417 missu
1164 4351 1240 4402 deas

82 4446 134 4495 iore
157 4446 187 4494 ol
206 4445 259 4494 fate
286 4443 337 4492 and
361 4442 491 4506 necessity,
517 4441 567 4489 and
590 4445 636 4489 not
685 4441 934 4504 mmmpolseser
944 4441 1036 4488 Δαανον
1045 4441 1131 4485 m.

83 4528 110 4575 ot'
124 4544 205 4592 grace.
237 4527 333 4575 Galen
350 4525 477 4574 observes:
500 4522 555 4572 Alit
570 4523 635 4570 σιιίιιι
735 4517 1240 4574 ’ΤλοΔιυναΜΒᾸιωΜηΜΜ
