2954 4986
257 335 321 402 172
719 348 951 402 rssmnomn

97 526 238 613 &4233-
258 509 454 578 πολυτελῶν
473 507 723 589 κεκοσμημένον,
742 506 803 588 την
825 503 974 605 τετράδα
999 507 1168 588 σημαίνειν
1195 505 1407 606 διορίζονται·

116 619 219 703 {23⁸2}
257 620 310 690 xci
344 620 374 688 εἴ
405 650 480 690 τινα
512 621 653 690 τοιαῦτα
686 629 791 689 κεῖται
820 621 855 688 έν
884 628 957 694 ταῖς
991 625 1152 716 γραφαῖς,
1182 622 1227 694 εἷς
1256 618 1318 690 τδν
1345 624 1409 690 τῶν

257 733 433 831 τεσσάρων
470 728 625 813 δυνάμενα
660 729 803 821 ἄγεσθαι
841 731 991 829 ἆριθμὸν,
1028 729 1081 800 διὰ
1117 731 1180 812 την
1226 731 1409 829 τετρακτῦν

258 846 365 914 civito
400 850 487 942 φασι
523 840 706 933 γεγονέναι.
749 843 820 924 Τὴν
848 841 882 912 δὲ
914 841 1065 934 ῦγδοόδα
1094 844 1201 913 πάλιν
1228 841 1408 914 δείκνυσθαι

260 952 371 1032 οὕτως·
409 957 442 1024 έν
468 962 511 1046 τῇ
544 953 647 1047 ὀγδόη
680 959 746 1025 τῶν
776 958 899 1053 ἡμερῶν
930 956 1127 1026 πεπλάσθαι
1159 957 1322 1046 λέγουσιν
1349 954 1409 1026 τδν

260 1065 444 1166 ἄνθρωπον.
479 1064 578 1136 Ποτέ
595 1063 739 1164 μὲνγὰρ
759 1065 859 1138 αῦτδν
875 1073 921 1160 τῇ
935 1067 1011 1160 ἕκτη
1022 1069 1208 1154 βούλονται
1225 1069 1408 1159 γεγονέναι,

261 1177 348 1250 ποτέ
377 1177 411 1248 δέ
440 1182 482 1271 τῇ
514 1176 626 1272 ὀγδόη,
657 1181 685 1248 εἰ
712 1178 756 1261 μὴ
783 1177 845 1250 τὸν
872 1177 932 1261 μέν
961 1177 1076 1275 χοϊκδν
1101 1181 1134 1249 έν
1164 1187 1212 1273 τῇ
1235 1180 1315 1274 ἕκτη
1345 1185 1409 1250 τῶν

260 1295 384 1388 ἡμερῶν
415 1291 525 1388 ἐροῦσι
564 1289 771 1373 πεπλάσθαι,
804 1289 866 1362 τδν
898 1288 933 1360 δέ
963 1290 1120 1389 σαρκικδν
1148 1292 1181 1360 έν
1215 1300 1260 1385 τῇ
1296 1291 1407 1386 ὀγδόη·
1420 1332 1473 1370 (εκ

261 1402 458 1474 διέσταλται
484 1399 552 1501 γδιρ
572 1408 681 1474 ταῦτα
699 1405 780 1501 παρ’
805 1404 925 1480 αὑτοῖς.
953 1402 1066 1473 Ἔνιοι
1086 1400 1121 1472 δὲ
1143 1400 1251 1474 ἄλλον
1274 1405 1408 1474 θέλουσι

259 1514 321 1587 τὸν
348 1516 424 1585 κατ’
452 1516 558 1585 εἰκόνα
589 1514 643 1584 καὶ
675 1516 832 1598 ὁμοίωσιν
861 1515 950 1585 θεοῦ
976 1516 1147 1607 γεγονότα
1186 1516 1411 1613 ἀρσενόθηλυν

260 1627 442 1725 ἄνθρωπον,
470 1627 524 1696 καὶ
552 1633 677 1698 τοῦτον
706 1626 783 1697 εἶναι
810 1626 872 1699 τδν
897 1628 1124 1711 πνευματικόν·
1151 1627 1262 1697 ἄλλον
1291 1626 1327 1698 δέ
1351 1627 1411 1699 τδν

260 1741 295 1810 έκ
318 1742 376 1821 τῆς
401 1747 460 1830 γῆς
486 1740 695 1810 πλασθέντα.
732 1740 802 1810 Καὶ
827 1739 889 1822 την
911 1748 969 1822 τῆς
993 1742 1141 1828 κιβωτοῦ
1165 1738 1201 1810 δέ
1225 1742 1412 1823 οἰκονομίαν

261 1855 294 1923 ἐν
315 1855 364 1942 τῷ
386 1855 619 1940 κατακλυσμῷ,
650 1853 684 1922 έν
703 1853 725 1947 ᾖ
745 1852 832 1924 ὀκτὼ
851 1851 1017 1951 ἅνθρωποι
1036 1850 1249 1935 διεσιόθησαν,
1266 1855 1414 1952 φανερά·

260 1963 355 2036 τατό
380 1971 468 2061 φασι
495 1963 555 2045 την
578 1968 742 2062 σωτήριον
766 1961 916 2054 ὁγδοάδα
940 1966 1074 2048 μηνύειν.
1110 1962 1165 2034 Τδ
1193 1963 1278 2036 adro
1302 1963 1337 2034 δέ
1360 1964 1411 2035 καὶ

261 2075 323 2148 τδν
353 2074 477 2162 Δαβῖδ,
506 2074 629 2166 ὄγδοον
666 2077 748 2147 ὄντα
784 2084 827 2169 τῇ
858 2077 984 2167 γενέσει
1017 2081 1083 2148 τῶν
1115 2074 1273 2174 ἀδελφῶν
1304 2078 1412 2160 αὑτοῦ,

358 2189 366 2214 Ι

262 2218 438 2271 σημαινειν.
466 2184 553 2259 Ἔτι
573 2189 635 2270 μὴν
646 2189 700 2258 καὶ
719 2187 780 2268 τὴν
801 2189 992 2287 περιτομὴν,
1007 2191 1214 2287 ὀκταήμερον
1231 2190 1410 2280 γινομένην,

261 2300 304 2372 τδ
334 2301 525 2399 περίτμημα
555 2303 615 2382 τῆς
648 2299 712 2370 ἄνευ
738 2298 902 2391 ὀγδοάδος
930 2299 1058 2383 δηλοῦν.
1104 2299 1175 2371 Καὶ
1203 2304 1319 2377 άπλιῦς
1348 2303 1412 2372 ὅσα

259 2517 422 2582 ordinibus
435 2516 574 2602 lspidum
585 2516 797 2602 pretiosorum
811 2518 1010 2591 adornatum,
1024 2519 1304 2604 qustsmstionem
1320 2518 1413 2606 signi·

260 2617 356 2680 ficare
373 2617 565 2701 praefiniunt.
619 2615 663 2680 Et
681 2616 707 2680 si
724 2639 788 2702 qus
804 2616 931 2681 omnino
949 2617 1027 2682 talis
1044 2626 1119 2683 suni
1140 2617 1246 2704 posita
1268 2618 1302 2682 in
1318 2618 1413 2702 sorio

262 2716 351 2789 turis,
371 2738 441 2800 quae
459 2724 597 2800 quatuor
613 2725 746 2801 possunt
764 2737 929 2779 numcmm
947 2717 1121 2803 designare.
1135 2725 1270 2803 propter
1287 2729 1411 2805 quater·

261 2815 423 2879 notionem
442 2815 581 2900 ipsorum
598 2815 709 2880 dicunt
729 2815 875 2879 ¹sactum.
912 2815 1156 2881 Octonationem
1167 2839 1280 2882 rursus
1290 2815 1413 2881 ostendi

261 2913 325 2979 sic:
354 2915 387 2978 in
404 2923 517 2980 octavo
541 2915 663 2979 dierum
679 2914 852 2978 formatum
873 2914 984 2979 dicunt
1007 2914 1176 2979 hominem.
1231 2915 1412 3002 Aliquando

262 3016 347 3080 enim
364 3016 475 3081 volunt
490 3037 562 3079 eum
580 3023 673 3079 sexto
691 3014 742 3078 dic
763 3014 893 3088 iactum,
910 3014 1080 3099 sliqusndo
1105 3024 1215 3079 sutem
1238 3015 1272 3079 in
1292 3023 1412 3087 octono,

261 3115 321 3180 nisi
347 3117 432 3180 forto
455 3116 597 3181 choicum
624 3114 751 3200 quidem
776 3114 809 3176 in
834 3128 928 3177 sexto
954 3114 1075 3178 dicmm
1102 3115 1213 3179 dicunt
1231 3115 1412 3187 formatum,

262 3217 422 3280 carnalem
439 3223 548 3280 sutem
566 3215 599 3278 in
616 3224 749 3279 octavo:
776 3212 929 3278 distincto
944 3220 1019 3277 sunt
1039 3214 1123 3278 enim
1145 3214 1215 3278 haec
1239 3215 1329 3300 opud
1351 3236 1412 3277 cos.

262 3313 402 3389 Quidam
419 3323 526 3378 sutem
545 3322 578 3377 ct
596 3313 732 3377 sltcmm
752 3335 819 3377 esso
836 3312 946 3377 volunt
966 3311 1020 3397 qui
1044 3313 1218 3377 secundum
1243 3313 1413 3400 imsgiocm

261 3422 295 3475 ct
310 3411 549 3474 similitudinem
568 3410 630 3474 Dei
646 3412 751 3476 factus
766 3420 815 3476 est
832 3411 927 3476 homo
945 3413 1083 3477 masculo
1097 3412 1276 3490 soemineus,
1288 3422 1321 3478 st
1333 3412 1414 3476 hunc

261 3531 330 3574 csso
344 3509 541 3594 spiritalem:
570 3510 706 3575 altorum
724 3520 831 3576 autem
849 3511 958 3596 quiex
976 3522 1064 3576 terra
1080 3511 1257 3597 plasmatus
1274 3513 1327 3577 sit.
1371 3510 1415 3575 Et

97 3633 235 3675 ιεαυιιο.
261 3631 346 3673 srcae
365 3620 472 3674 sutem
491 3610 728 3697 dispositionem
752 3611 784 3674 in
806 3611 1005 3696 cataclysmo,
1028 3611 1061 3675 in
1086 3633 1150 3697 qus
1175 3619 1252 3676 octo
1273 3611 1414 3676 homines

261 3708 388 3773 liberati
405 3719 491 3784 sunt,
509 3711 764 3776 manifestissimo
782 3710 892 3774 dicunt
918 3711 1094 3797 ogdoadem
1122 3707 1204 3796 [cdi
1223 3708 1412 3797 salutarem]

95 3828 247 3870 rsmvmo.
261 3808 439 3872 ostendere.
494 3809 566 3875 Hoc
597 3819 705 3876 sutem
737 3810 822 3874 idom
853 3816 887 3875 ct
922 3809 1037 3886 David,
1065 3832 1140 3875 cum
1167 3818 1303 3876 octavus
1332 3818 1414 3875 osset

259 3907 387 3993 genitus
404 3908 489 3972 intcr
506 3910 622 3975 fratres
636 3933 721 3987 suos,
739 3909 926 3996 significans.
978 3909 1096 3976 Adhuc
1113 3911 1212 3977 etism
1230 3920 1266 3976 et
1284 3912 1414 3976 circum·

96 4027 235 4067 ommno
260 4005 419 4087 cimonem,
445 4031 516 4094 quae
537 4018 650 4074 octavo
671 4010 722 4074 dic
747 4010 795 4089 fit,
814 4009 1081 4074 circumcisionem
1103 4010 1278 4098 superioris
1299 4011 1414 4098 ogdos·

96 4084 151 4122 ’ψ’
259 4106 308 4171 dis
325 4107 538 4172 manifestare.
567 4109 614 4173 Et
626 4111 753 4174 omnino
766 4130 962 4195 quaecunquc
972 4109 1175 4176 inveniuntur
1191 4111 1225 4176 in
1242 4109 1416 4199 Scripturis

308 4308 318 4340 ¹
329 4308 382 4356 The
389 4307 467 4357 MSS.
477 4322 550 4370 sgrcs
558 4306 584 4354 in
592 4307 694 4370 reading
701 4308 807 4371 sactum,
859 4325 917 4359 ever
924 4310 983 4374 why
989 4310 1010 4359 it
1018 4310 1106 4359 should
1114 4317 1160 4361 not
1170 4311 1271 4362 roseric
1279 4329 1413 4363 ιιιιιιιεειιιιι.

259 4391 340 4439 which
351 4391 394 4439 tho
405 4389 539 4439 translator
551 4388 611 4436 with
622 4404 654 4436 no
669 4405 737 4437 mors
748 4390 809 4438 thsn
859 4390 989 4439 Msssom
1005 4391 1050 4440 hss
1061 4391 1141 4454 facto,
1160 4392 1208 4445 but
1229 4410 1301 4459 upon
1323 4393 1414 4444 insuffi-

258 4472 298 4521 his
309 4473 380 4521 usual
391 4473 550 4522 carelessness
565 4471 594 4519 os
605 4471 719 4531 concord,
734 4475 810 4520 wrotc
859 4470 925 4519 cient
932 4471 1051 4535 grounds.

257 4552 296 4601 for
307 4556 438 4616 γεγονέναι.
473 4554 553 4604 Thero
568 4553 589 4603 is
603 4569 636 4603 nc
647 4569 734 4604 resson
745 4553 811 4602 how·
