2954 4986
480 366 563 418 rrsu
587 366 653 418 uss
679 367 853 418 vanuum.
1195 348 1242 419 85

87 518 293 592 ἐνδύσασθαι
311 526 427 606 1σῶμα
445 521 594 618 ψυχικὸν
607 524 640 592 έκ
660 531 719 604 τῆς
737 524 922 606 οἰκονομίας
937 525 1243 607 κατεσκευασμένον
1259 538 1402 623 331¹&

89 633 191 670 ηνννν
376 635 384 660 ν
497 633 505 658 t
580 633 632 659 *r
709 634 718 658 t
830 637 838 661 ν
990 637 998 660 t
1205 631 1402 670 'Massiua

108 664 243 729 αρρητῳ
265 664 415 731 προνοιᾳ,
442 665 525 731 προς
549 666 593 706 το
616 666 741 731 ορατον
764 639 927 726 γενεσθαι,
946 667 999 705 και
1018 637 1194 734 ψηλαφητ

1194 669 1240 707 ον.
1256 705 1403 715 --..

89 742 188 842 Σᾶρξ
219 744 256 815 δέ
288 747 382 816 ἐστιν
413 750 430 827 ἡ
459 746 585 844 άρχαέα
614 748 648 816 έκ
681 752 744 817 τοῦ
773 753 839 842 χοῦ
866 745 952 817 κατὰ
983 745 1044 818 τὸν
1076 744 1190 830 Ἀδάμ
1221 752 1241 831 ἡ

90 866 248 947 γεγονυῖα
278 855 404 933 τλάσις
434 857 499 927 ted
526 863 589 928 τοῦ
619 858 715 941 Θεοῦ,
750 857 787 940 ἣν
819 859 946 939 ιἰληθῶς
978 861 1149 949 γεγονέναι
1179 858 1241 931 τὸν

90 966 212 1059 Λάγον
241 973 304 1039 τοῦ
326 969 414 1039 θεοῦ
442 970 594 1052 ἐμήνυσεν
618 971 636 1039 ὁ
664 965 820 1051 Ἰωάννης.
852 969 922 1040 Καὶ
941 971 1080 1041 λέλυται
1100 971 1240 1054 αῦτῶνῆ

90 1080 206 1176 τρῶτη
228 1079 282 1150 καὶ
302 1080 487 1178 ἆρχέγονος
510 1077 643 1171 ὄγδοάς.
683 1079 779 1157 Ένός
804 1079 872 1178 γάρ
895 1081 948 1152 καὶ
972 1087 1035 1154 τοῦ
1058 1083 1160 1153 αῦτοῦ
1179 1081 1242 1153 δει-

88 1193 240 1273 κνυμένου
262 1189 392 1283 Λόγου,
412 1192 465 1263 καὶ
491 1193 714 1284 Μονογενοῦς,
741 1192 794 1263 καὶ
824 1193 920 1277 Ζωῆς,
948 1193 1001 1264 καὶ
1028 1193 1155 1278 Φωτός,
1187 1195 1241 1265 καὶ

89 1302 255 1402 Σωτῆρος,
289 1304 342 1374 καὶ
373 1304 540 1402 Χριστοῦ,
571 1306 625 1375 καὶ
655 1304 740 1375 Υἶοῦ
770 1305 866 1387 Θεοῦ,
900 1306 953 1375 καὶ
985 1306 1109 1376 τούτου
1139 1307 1243 1377 αὗτοῦ

88 1416 317 1513 σαρκωθέντος
335 1415 416 1514 ὑπὲρ
435 1420 529 1500 ἡμῶν,
547 1418 685 1487 λέλυται
706 1420 723 1498 ἦ
742 1419 801 1499 τῆς
821 1414 983 1508 ὀγδοάδος
1002 1419 1238 1509 3σκηνοτιηγιά.

88 1525 223 1609 Ταῦτης
245 1525 280 1597 δὲ
297 1530 479 1612 λελυμένης,
499 1526 723 1599 διαπέπτωκεν
746 1529 850 1599 αῦτιῦν
867 1532 962 1598 τᾶσα
984 1532 1001 1610 ἦ
1021 1530 1185 1613 ὑπόθεσις,
1204 1530 1240 1612 riv

87 1637 239 1732 4ψευδῶς
256 1641 508 1738 ὀνειρώττοντες
525 1643 539 1690 ⁵
545 1641 793 1739 κατατρέχουσι
814 1644 880 1710 τῶν
896 1645 1047 1738 γραφῶν,
1062 1638 1146 1711 ι’δέαν
1159 1642 1241 1712 ὖτά·

88 1754 181 1821 θεσιν
204 1749 488 1834 ἆναπλασάμευοι.
523 1751 677 1823 Ἔτειτα
697 1749 801 1845 λέξεις
823 1750 876 1820 καὶ
898 1753 1048 1833 ὀνόματα
1066 1749 1239 1850 σποράδην

85 1863 214 1945 κείμενα
232 1863 464 1954 συλλέγοντες,
482 1865 721 1962 μεταφέρουσι,
739 1862 843 1939 καθὼς
863 1867 1107 1961 προειρήκαμεν,
1127 1865 1161 1933 έκ
1178 1869 1242 1934 τοῦ

86 2089 173 2154 enim
198 2089 314 2155 Sotera
338 2088 475 2154 induisse
497 2111 610 2174 corpus
636 2088 781 2165 animale,
799 2088 840 2153 de
864 2088 1070 2175 dispositione
1092 2096 1239 2174 aptatum

85 2188 292 2254 inenarrabili
309 2187 517 2274 providentia,
536 2194 574 2252 ut
586 2188 706 2252 visibile
723 2194 757 2252 et
773 2187 932 2272 palpabile
949 2188 1051 2253 fieret.
1088 2188 1173 2253 Caro
1188 2197 1239 2256 εει

84 2298 197 2352 autem
209 2287 263 2352 illa
275 2295 366 2352 vetus
384 2288 424 2352 de
440 2287 515 2352 limo
531 2287 704 2351 secundum
721 2286 829 2351 Adam
843 2286 931 2352 faeta
942 2287 1110 2371 plasmatio
1122 2309 1143 2352 a
1156 2286 1237 2364 Deo,

85 2408 184 2472 quam
205 2408 279 2451 vere
305 2387 425 2451 sactum
452 2385 597 2451 Verbum
627 2383 689 2450 Dei
718 2384 933 2450 manifestavit
962 2385 986 2448 J
988 2385 1137 2454 ohannes.
1190 2386 1238 2453 Et

84 2485 193 2550 soluta
207 2491 257 2551 εει
272 2485 396 2550 illorum
413 2486 568 2570 primast
586 2484 797 2571 primogenita
819 2484 991 2549 octonatio.
1045 2484 1128 2550 Cum
1153 2484 1238 2550 enim

84 2605 168 2648 unus
188 2591 221 2649 et
243 2583 327 2648 idem
347 2584 527 2650 ostenditur
551 2582 655 2670 Logos
677 2592 712 2649 et
730 2582 936 2669 Monogenes,
955 2590 989 2648 et
1006 2583 1073 2648 Zoe
1087 2590 1122 2649 et
1139 2584 1236 2663 Phoe,

84 2692 120 2748 et
139 2682 237 2748 Soter
251 2691 285 2748 et
309 2683 453 2748 Christus
469 2682 534 2770 [et]
554 2683 636 2747 filius
654 2681 727 2759 Dei,
745 2688 779 2747 et
797 2682 849 2747 hio
868 2683 953 2747 idem
968 2681 1152 2748 incarnatus
1178 2706 1238 2769 pro
1319 2756 1324 2765 ,

84 2782 188 2858 nobis,
215 2781 320 2846 soluta
342 2792 392 2848 est
419 2782 631 2847 octouationis
658 2781 783 2845 illorum
813 2803 975 2868 compago.
1029 2782 1102 2847 Hac
1129 2792 1237 2849 autem

83 2881 201 2956 soluta,
218 2881 337 2946 decidit
356 2880 482 2946 illorum
503 2881 604 2945 omnis
625 2880 870 2966 argumentatio,
888 2902 985 2965 quam
1009 2882 1088 2946 falso
1110 2882 1238 2946 nomine

82 2980 280 3046 somniantes
297 2980 452 3045 infamant
471 2980 662 3065 Scripturas,
680 2980 722 3043 ad
744 2979 906 3064 propriam
927 2981 1238 3063 argumentationem

83 3079 336 3166 confingendam.
362 3080 439 3144 Post
456 3079 571 3143 deinde
587 3078 741 3142 dictiones
756 3087 790 3142 et
807 3077 936 3141 nomina
952 3076 1117 3160 dispersim
1133 3076 1239 3162 posita

82 3177 278 3265 colligentes,
296 3178 504 3254 transierunt,
521 3178 604 3242 sicut
621 3176 833 3262 praediximus,
848 3197 888 3238 ex
906 3196 943 3238 eo
961 3174 1045 3258 quod
1063 3190 1112 3238 est
1128 3197 1238 3239 secuu-

136 3396 146 3428 ¹
166 3396 224 3445 Still
238 3397 308 3445 there
326 3413 376 3445 was
393 3398 501 3462 nothing
517 3399 595 3447 ὑλικὸν
610 3399 636 3446 in
687 3397 713 3444 in
725 3395 815 3454 Christ,
830 3394 881 3443 also
894 3396 1026 3454 ἐσκήνωσεν
1037 3395 1061 3443 έν
1072 3394 1133 3454 ἡμῖν.

82 3479 126 3527 the
149 3478 263 3528 Sariour.
311 3478 360 3527 His
381 3478 448 3544 body
470 3495 521 3528 was
544 3481 571 3528 έκ
593 3481 636 3539 τῆς
735 3475 1236 3540 ’ΤιεΙιειίτινετείοιιιιαεῘαέςοιιοιινίιιη

82 3560 188 3620 ἀφανοῦς
211 3561 315 3621 ψυχικῆς
337 3561 423 3619 οὐσίας,
453 3560 502 3607 and
525 3576 553 3608 as
575 3561 635 3609 such
687 3558 824 3620 indiceting
837 3560 997 3620 ψευδωνύμως,
1013 3559 1238 3608 iuitsabbreviate

82 3638 163 3688 nudor
173 3639 563 3705 tharegimecitheDemiurge;
575 3642 636 3690 auch
687 3638 751 3686 form
764 3637 883 3701 ψευδῶς.
919 3638 1021 3698 Garun,
1036 3638 1174 3698 Massurr,
1188 3638 1238 3687 and

82 3725 111 3769 at
129 3719 192 3769 least
212 3735 263 3768 rrae
280 3720 323 3768 the
341 3726 444 3769 western
460 3722 555 3770 notion.
583 3721 636 3770 'l'he
688 3723 803 3771 ὃτιιιεττι
815 3737 888 3786 agree
899 3722 925 3769 in
936 3723 1103 3785 condemning
1113 3722 1156 3770 the
1167 3722 1237 3770 read·

82 3806 181 3850 ειειοτιν
198 3801 275 3864 phase
290 3801 319 3849 oi
333 3801 376 3850 the
395 3802 481 3866 heresy
501 3803 632 3866 imsgined,
687 3804 731 3868 ing
745 3804 903 3867 followedby
917 3804 960 3852 the
976 3803 1118 3863 metator,
1137 3803 1189 3852 still
1205 3819 1238 3852 an

82 3882 121 3930 dn
133 3883 293 3940 πνευματικὸν
304 3881 333 3940 ἦν
344 3883 373 3930 τι
381 3884 451 3940 σῶμα
462 3885 505 3931 τοῦ
514 3885 635 3944 Σωτῆρος.
687 3886 792 3934 allusion
802 3891 830 3934 ιο
841 3886 884 3934 the
895 3885 976 3934 words
987 3887 1015 3935 os
1025 3885 1051 3934 S.
1062 3885 1135 3944 Paul,
1151 3899 1160 3933 1
1175 3884 1237 3934 Tim.

83 3962 229 4012 Hmcnrr.
242 3961 310 4011 Pla.
324 3974 360 4011 vr.
375 3975 413 4025 35.
687 3968 720 4018 vi.
733 3983 771 4028 so,
790 3983 847 4032 may
859 3968 951 4031 justify
966 3968 1000 4027 it;
1018 3967 1069 4016 and
1088 3967 1132 4015 the
1144 3966 1238 4015 Valen-

132 4040 144 4072 ¹
158 4042 201 4102 Or,
210 4058 239 4090 as
249 4043 293 4091 the
307 4043 398 4091 author
408 4043 491 4092 before
506 4043 635 4107 expreaaed
687 4049 766 4097 tiniam
776 4048 932 4097 correlatives
943 4064 984 4097 ere
995 4064 1011 4095 a
1018 4048 1167 4111 sufficiently
1173 4047 1238 4098 close

81 4124 111 4184 ἢ,
127 4125 221 4186 ἅῤῥήτῳ
232 4126 316 4185 rexti-
351 4124 396 4174 See
407 4142 433 4189 p.
447 4136 486 4186 5²,
500 4141 524 4174 n.
539 4141 562 4187 5.
687 4129 877 4178 illustrationes
890 4129 1075 4178 theatralem
1088 4130 1132 4187 τῆς
1148 4130 1237 4190 ψευδω-

131 4204 143 4238 ⁸
170 4206 332 4266 σκηνοπηγία,
357 4206 504 4270 apparently
530 4207 556 4254 in
579 4223 635 4255 con·
687 4213 760 4269 νυμον
781 4213 891 4272 γνώσεως
913 4209 942 4258 of
962 4209 1044 4257 which
1066 4208 1109 4257 the
1132 4208 1239 4271 Apostle

82 4286 170 4336 tinued
179 4286 286 4336 allusion
298 4291 326 4334 ιο
337 4286 380 4335 the
390 4286 471 4335 worda
483 4287 511 4334 of
520 4286 545 4334 S.
556 4287 634 4347 John,
687 4292 776 4354 speaks
786 4308 793 4350 ;
810 4307 924 4355 compare
935 4291 988 4338 nlso
999 4306 1020 4338 c.
1033 4302 1060 4338 v.

82 4369 162 4417 when
173 4368 238 4417 aster
253 4367 298 4416 the
308 4366 467 4426 declaration,
481 4368 636 4428 nalddbyor
735 4370 746 4400 ⁸
769 4371 952 4431 κατατρέχουσι,
977 4385 1005 4418 aa
1023 4370 1049 4417 in
1072 4369 1176 4416 Arm.
1200 4378 1237 4426 ι,

82 4452 142 4511 σὰρξ
157 4451 263 4511 hybera,
282 4449 304 4496 it
319 4448 340 4496 ia
355 4448 436 4497 added
452 4450 491 4498 καὶ
503 4450 637 4508 έσκνμωσεν
688 4453 776 4513 τικρῶς
795 4451 951 4513 ’Δλκιβιάδου
968 4450 1112 4510 κατατρέχει
1131 4447 1162 4496 ὡς
1179 4447 1239 4495 oot-

83 4531 180 4590 ένὴμῐν.
205 4530 259 4579 The
272 4528 385 4592 Ogdoad,
400 4529 553 4593 centringas
565 4531 585 4579 it
596 4530 638 4579 did
689 4534 789 4592 φλυηος.
825 4528 949 4592 Fallsonl
960 4528 994 4590 os.
