2954 4986
456 738 860 831 PROLOGUS

157 959 343 1037 suom
388 959 657 1037 urnoour
702 960 1157 1037 uuouuuuusrs

632 1177 674 1226 IN

218 1358 370 1417 LIBROS
392 1360 419 1416 S.
444 1358 613 1416 IRENAEI
636 1359 809 1417 CONTRA
833 1360 1094 1421 HAERETIOOS.

523 1605 781 1615 --——---—————

141 1807 168 1870 l.
204 1806 434 1883 ¹Hrnnsnns,
451 1806 614 1891 episcopus
628 1805 765 1870 civitatis
781 1803 1011 1891 Lugdunensis,
1028 1803 1198 1867 instructus
1208 1823 1229 1865 a

73 1910 247 1995 Polycarpo
274 1908 424 1994 discipulo
459 1907 615 1973 Johauuis
648 1907 792 1993 apostoli,
817 1906 943 1993 scripsit
967 1906 1103 1991 quinque
1133 1904 1229 1969 libros

71 2012 195 2075 cuidam
220 2011 376 2097 episcopo,
401 2019 529 2097 rogatus
551 2011 592 2075 ab
616 2033 663 2087 eo,
695 2011 808 2074 Contra
832 2010 986 2074 loeroticos
1012 2008 1099 2074 valde
1122 2028 1228 2072 neccs-

70 2115 188 2187 sarios;
224 2114 257 2178 iu
283 2116 406 2199 quibus,
431 2124 466 2178 ut
484 2115 609 2200 sapiens
635 2114 828 2179 architectus
851 2122 883 2178 et
908 2114 1055 2198 providus
1078 2112 1227 2191 medicus,

70 2219 209 2302 perfecte
223 2239 282 2282 nos
297 2218 422 2281 instruit
437 2217 476 2281 de
493 2217 663 2282 haeresibus
685 2225 718 2281 et
738 2215 968 2289 haeresiarchis,
992 2216 1127 2300 primum
1142 2215 1227 2279 dete·

69 2343 151 2407 gens
165 2343 272 2385 eorum
288 2340 382 2407 prava
403 2322 551 2408 dogmata
568 2329 601 2386 et
619 2343 764 2407 perversa
786 2341 890 2404 opera,
905 2341 945 2383 ne
965 2319 1035 2405 quis
1056 2318 1174 2383 incidat
1194 2319 1227 2381 iu

70 2424 210 2508 idipsum
238 2424 430 2489 credulitatis
459 2424 647 2508 exemplum.
711 2423 804 2499 Nam,
831 2423 913 2487 sicut
942 2421 1082 2486 medicus
1107 2441 1228 2507 aegrum

68 2550 182 2592 curare
201 2550 263 2592 non
280 2536 395 2614 potest,
411 2528 471 2592 nisi
493 2550 621 2593 causam
639 2527 738 2592 morbi
759 2526 847 2612 prius
861 2533 1023 2612 agnoscat,
1038 2525 1084 2590 sic
1098 2546 1226 2590 necesse

68 2631 129 2695 tuit-
152 2654 226 2695 eum
246 2632 411 2696 haereticas
432 2640 547 2715 pcsteS,
569 2654 641 2696 euru
663 2631 728 2695 suis
750 2630 863 2707 causis,
887 2631 972 2715 prius
994 2651 1173 2716 agnoscere,
1190 2636 1226 2693 ut

68 2734 269 2818 postmodum
284 2734 473 2818 competenti
488 2735 642 2799 medicina
656 2742 762 2820 posset
777 2733 823 2798 eis
837 2734 993 2799 efficacius
1009 2733 1174 2797 contraire.

130 2939 177 3003 ll.
224 2939 261 3001 ln
279 2939 385 3023 primis
400 2960 484 3025 ergo,
501 2939 585 3024 ipsas
600 2939 735 3005 luereses
756 2940 901 3023 explicat,
917 2939 1048 3024 siugulis
1061 2939 1225 3025 assignans

67 3072 141 3114 suas
167 3050 334 3135 originales
360 3071 481 3125 causas,
504 3049 623 3113 scilieet
648 3071 668 3113 a
694 3049 807 3134 quibus
836 3058 1024 3134 acceperunt
1060 3050 1224 3113 materiam

66 3153 250 3218 exsistendi.
283 3153 370 3216 luter
385 3152 468 3238 quod
482 3152 648 3239 agendum,
664 3152 752 3237 ponit
767 3160 800 3216 ct
815 3151 923 3237 ignota
937 3151 1065 3215 nomina
1079 3152 1223 3215 fictarum

67 3279 181 3333 rerum,
198 3278 276 3343 quas
292 3257 350 3341 ipsi
365 3255 510 3321 Virtutes
524 3254 733 3342 appellabant,
746 3264 778 3320 et
793 3255 881 3341 quasi
897 3255 972 3319 deos
986 3255 1124 3319 venerati
1139 3266 1223 3324 suut.

68 3359 117 3424 De
143 3382 276 3444 quorum
299 3359 418 3424 seilicet
443 3359 605 3423 nominum
628 3357 828 3421 multitudine
855 3358 976 3422 illatum
1002 3367 1047 3433 tu,
1072 3380 1092 3421 o
1114 3357 1222 3437 lector,

66 3464 197 3527 tedium
221 3464 376 3547 patienter
401 3463 531 3539 sustine,
555 3462 682 3526 tandem
708 3461 990 3547 philosophicarum
1017 3462 1174 3526 rationum
1190 3472 1224 3528 et

66 3565 240 3628 divinarum
255 3565 474 3630 auctoritatem
486 3564 613 3650 copiosa
627 3563 791 3628 dulcedine
807 3564 1080 3648 compensandum.
1105 3564 1222 3631 Postea

67 3666 152 3751 ipsos
175 3668 399 3733 haeresiarchas
423 3667 608 3731 nominatim
634 3675 796 3744 memorat,
824 3674 857 3729 et
886 3665 960 3751 quid
987 3667 1034 3731 vel
1058 3677 1221 3750 quantum,

66 3772 309 3857 uniuscujusque
320 3771 462 3856 discipuli
476 3792 603 3835 suorum
619 3769 839 3856 magistrorum
853 3769 1123 3834 adinventionibus
1134 3772 1221 3835 addi·

66 3874 179 3951 derint,
195 3883 420 3959 cousc··1uenter
434 3875 584 3938 annectit.
631 3872 723 3948 Dein,
736 3872 876 3959 singulas
890 3873 1025 3937 haereses
1039 3873 1221 3960 singillatim

64 3977 263 4063 aggrediens,
279 3987 321 4053 et,
337 3977 548 4063 probatissimi
567 3998 652 4041 morc
672 3974 856 4061 philosophi,
872 3976 1041 4061 assumptis
1055 3976 1094 4040 dc
1117 4000 1220 4041 rerum

65 4080 186 4144 naturis
208 4080 423 4165 peremptoriis
441 4079 623 4155 rationibus,
639 4101 746 4143 verum
760 4100 780 4141 a
795 4078 872 4143 falso
893 4078 1051 4143 discernit.
1098 4080 1219 4145 Sancti-

65 4182 141 4245 tatis
165 4182 327 4259 amictum,
354 4182 497 4267 pravitati
528 4182 762 4266 superductum,
788 4181 936 4246 violenter
961 4181 1131 4256 abstrahit;
1165 4184 1219 4248 ubi

67 4283 98 4346 in
122 4284 213 4349 melle
235 4306 398 4363 vencnum,
421 4285 474 4349 ubi
496 4285 528 4349 in
549 4285 699 4349 columboe
716 4286 820 4371 specie
838 4285 944 4371 vulpes
966 4285 1072 4361 lateat,
1097 4285 1219 4349 curiosa

115 4445 123 4475 ¹
141 4446 194 4494 Tlrc
222 4446 307 4494 render
329 4446 378 4495 will
400 4447 502 4495 ohserve
523 4448 617 4495 several
668 4447 748 4494 which
764 4448 784 4493 is
796 4464 810 4494 a
823 4463 884 4509 very
894 4447 998 4494 carralem
1010 4445 1145 4507 transcript
1156 4444 1218 4493 from

68 4530 148 4589 points
161 4530 190 4575 ol*
198 4529 321 4576 variatinu
332 4529 397 4577 from
409 4528 615 4591 Srlznus'stext,
668 4529 711 4577 the
721 4528 836 4577 Aruudcl
847 4528 904 4575 MS.

170 4633 245 4677 VOL.
264 4633 285 4677 l.
613 4635 623 4652 ⁹
780 4648 783 4653 ·
1086 4634 1118 4675 m
